<?xml version="1.0" encoding="UTF-8"?>
<!DOCTYPE html PUBLIC "-//W3C//DTD XHTML 1.0 Transitional//EN"
    "http://www.w3.org/TR/xhtml1/DTD/xhtml1-transitional.dtd">
<html xmlns="http://www.w3.org/1999/xhtml" xml:lang="en" lang="en">
 <head>
  <title>
</title>
<meta http-equiv="Content-Type" content="text/html;charset=utf-8" />
  <meta name='ocr-system' content='tesseract 3.04.00' />
  <meta name='ocr-capabilities' content='ocr_page ocr_carea ocr_par ocr_line ocrx_word'/>
</head>
<body>
  <div class='ocr_page' id='page_1' title='image "./aburbeconditalib21livyuoft/aburbeconditalib21livyuoft_0555.png"; bbox 0 0 1882 3163; ppageno 0'>
   <div class='ocr_carea' id='block_1_1' title="bbox 112 101 1667 144">
    <p class='ocr_par' dir='ltr' id='par_1_1' title="bbox 112 101 1667 144">
     <span class='ocr_line' id='line_1_1' title="bbox 112 101 1667 144; baseline -0.001 -5"><span class='ocrx_word' id='word_1_1' title='bbox 112 120 136 140; x_wconf 77' lang='lat' dir='ltr'>a.</span> <span class='ocrx_word' id='word_1_2' title='bbox 157 112 222 138; x_wconf 66' lang='grc' dir='ltr'>σω.</span> <span class='ocrx_word' id='word_1_3' title='bbox 242 120 270 139; x_wconf 86' lang='lat' dir='ltr'>n.</span> <span class='ocrx_word' id='word_1_4' title='bbox 293 113 352 138; x_wconf 82' lang='lat'>212.</span> <span class='ocrx_word' id='word_1_5' title='bbox 634 102 777 137; x_wconf 85' lang='lat' dir='ltr'>LIBER</span> <span class='ocrx_word' id='word_1_6' title='bbox 803 101 914 136; x_wconf 81' lang='lat' dir='ltr'>XXV.</span> <span class='ocrx_word' id='word_1_7' title='bbox 954 101 1053 137; x_wconf 87' lang='lat' dir='ltr'>CAP.</span> <span class='ocrx_word' id='word_1_8' title='bbox 1081 106 1136 138; x_wconf 83' lang='lat'>28.</span> <span class='ocrx_word' id='word_1_9' title='bbox 1611 103 1667 144; x_wconf 81' lang='grc'>59</span> 
     </span>
    </p>
   </div>
   <div class='ocr_carea' id='block_1_2' title="bbox 107 197 1669 1554">
    <p class='ocr_par' dir='ltr' id='par_1_2' title="bbox 107 197 1669 1554">
     <span class='ocr_line' id='line_1_2' title="bbox 112 197 1668 255; baseline -0.001 -14"><span class='ocrx_word' id='word_1_10' title='bbox 112 199 389 255; x_wconf 70' lang='lat' dir='ltr'>hospitesque</span> <span class='ocrx_word' id='word_1_11' title='bbox 422 199 764 254; x_wconf 86' lang='lat' dir='ltr'>adloquerentur,</span> <span class='ocrx_word' id='word_1_12' title='bbox 791 199 1009 253; x_wconf 88' lang='lat' dir='ltr'>expositis,</span> <span class='ocrx_word' id='word_1_13' title='bbox 1041 214 1149 254; x_wconf 90' lang='lat' dir='ltr'>quae</span> <span class='ocrx_word' id='word_1_14' title='bbox 1175 202 1304 253; x_wconf 88' lang='lat' dir='ltr'>pacta</span> <span class='ocrx_word' id='word_1_15' title='bbox 1327 199 1414 241; x_wconf 88' lang='lat' dir='ltr'>iam</span> <span class='ocrx_word' id='word_1_16' title='bbox 1439 214 1534 242; x_wconf 89' lang='lat' dir='ltr'>cum</span> <span class='ocrx_word' id='word_1_17' title='bbox 1554 197 1668 240; x_wconf 86' lang='lat' dir='ltr'>Mar-</span> 
     </span>
     <span class='ocr_line' id='line_1_3' title="bbox 112 258 1668 313; baseline 0 -13"><span class='ocrx_word' id='word_1_18' title='bbox 112 259 218 300; x_wconf 87' lang='lat' dir='ltr'>cello</span> <span class='ocrx_word' id='word_1_19' title='bbox 249 259 470 312; x_wconf 88' lang='lat' dir='ltr'>haberent,</span> <span class='ocrx_word' id='word_1_20' title='bbox 497 259 645 301; x_wconf 87' lang='lat' dir='ltr'>oblata</span> <span class='ocrx_word' id='word_1_21' title='bbox 671 273 746 313; x_wconf 88' lang='lat' dir='ltr'>spe</span> <span class='ocrx_word' id='word_1_22' title='bbox 773 258 924 299; x_wconf 88' lang='lat' dir='ltr'>salutis</span> <span class='ocrx_word' id='word_1_23' title='bbox 951 259 1170 313; x_wconf 88' lang='lat' dir='ltr'>perpulere</span> <span class='ocrx_word' id='word_1_24' title='bbox 1197 273 1282 313; x_wconf 88' lang='lat' dir='ltr'>eos,</span> <span class='ocrx_word' id='word_1_25' title='bbox 1307 261 1355 300; x_wconf 90' lang='lat' dir='ltr'>ut</span> <span class='ocrx_word' id='word_1_26' title='bbox 1381 273 1522 301; x_wconf 89' lang='lat' dir='ltr'>secum</span> <span class='ocrx_word' id='word_1_27' title='bbox 1547 272 1668 313; x_wconf 89' lang='lat' dir='ltr'>prae-</span> 
     </span>
     <span class='ocr_line' id='line_1_4' title="bbox 110 316 1669 373; baseline 0.001 -15"><span class='ocrx_word' id='word_1_28' title='bbox 110 317 246 360; x_wconf 88' lang='lat' dir='ltr'>fectos</span> <span class='ocrx_word' id='word_1_29' title='bbox 284 318 490 372; x_wconf 82' lang='lat' dir='ltr'>Epicydis</span> <span class='ocrx_word' id='word_1_30' title='bbox 530 318 791 372; x_wconf 74' lang='lat' dir='ltr'>Polyclitum</span> <span class='ocrx_word' id='word_1_31' title='bbox 829 319 871 359; x_wconf 91' lang='lat' dir='ltr'>et</span> <span class='ocrx_word' id='word_1_32' title='bbox 906 316 1206 360; x_wconf 77' lang='lat' dir='ltr'>Philistionem</span> <span class='ocrx_word' id='word_1_33' title='bbox 1244 321 1286 359; x_wconf 89' lang='lat' dir='ltr'>et</span> <span class='ocrx_word' id='word_1_34' title='bbox 1321 317 1564 373; x_wconf 82' lang='lat' dir='ltr'>Epicyden,</span> <span class='ocrx_word' id='word_1_35' title='bbox 1601 318 1669 359; x_wconf 91' lang='lat' dir='ltr'>cui</span> 
     </span>
     <span class='ocr_line' id='line_1_5' title="bbox 112 374 1668 432; baseline 0.001 -15"><span class='ocrx_word' id='word_1_36' title='bbox 112 374 274 419; x_wconf 85' lang='lat' dir='ltr'>Sindon</span> <span class='ocrx_word' id='word_1_37' title='bbox 306 390 546 432; x_wconf 83' lang='lat' dir='ltr'>cognomen</span> <span class='ocrx_word' id='word_1_38' title='bbox 578 379 681 430; x_wconf 87' lang='lat' dir='ltr'>erat,</span> <span class='ocrx_word' id='word_1_39' title='bbox 713 376 1056 431; x_wconf 85' lang='lat' dir='ltr'>adgrederentur.</span> <span class='ocrx_word' id='word_1_40' title='bbox 1106 377 1342 418; x_wconf 87' lang='lat' dir='ltr'>interfectis</span> <span class='ocrx_word' id='word_1_41' title='bbox 1375 377 1427 418; x_wconf 90' lang='lat' dir='ltr'>iis</span> <span class='ocrx_word' id='word_1_42' title='bbox 1455 380 1498 418; x_wconf 88' lang='lat' dir='ltr'>et</span> <span class='ocrx_word' id='word_1_43' title='bbox 1523 376 1668 419; x_wconf 87' lang='lat' dir='ltr'>multi-</span> 
     </span>
     <span class='ocr_line' id='line_1_6' title="bbox 110 435 1668 491; baseline 0 -14"><span class='ocrx_word' id='word_1_44' title='bbox 110 436 257 477; x_wconf 86' lang='lat' dir='ltr'>tudine</span> <span class='ocrx_word' id='word_1_45' title='bbox 296 436 349 478; x_wconf 91' lang='lat' dir='ltr'>ad</span> <span class='ocrx_word' id='word_1_46' title='bbox 389 437 631 479; x_wconf 90' lang='lat' dir='ltr'>contionem</span> <span class='ocrx_word' id='word_1_47' title='bbox 669 438 838 489; x_wconf 87' lang='lat' dir='ltr'>vocata,</span> <span class='ocrx_word' id='word_1_48' title='bbox 876 435 1068 489; x_wconf 88' lang='lat' dir='ltr'>inopiam</span> <span class='ocrx_word' id='word_1_49' title='bbox 1106 450 1298 491; x_wconf 86' lang='lat' dir='ltr'>quaeque</span> <span class='ocrx_word' id='word_1_50' title='bbox 1341 436 1425 490; x_wconf 88' lang='lat' dir='ltr'>ipsi</span> <span class='ocrx_word' id='word_1_51' title='bbox 1468 436 1580 477; x_wconf 90' lang='lat' dir='ltr'>inter</span> <span class='ocrx_word' id='word_1_52' title='bbox 1624 450 1668 478; x_wconf 92' lang='lat' dir='ltr'>se</span> 
     </span>
     <span class='ocr_line' id='line_1_7' title="bbox 111 493 1669 550; baseline 0 -14"><span class='ocrx_word' id='word_1_53' title='bbox 111 493 291 536; x_wconf 89' lang='lat' dir='ltr'>fremere</span> <span class='ocrx_word' id='word_1_54' title='bbox 323 495 479 537; x_wconf 89' lang='lat' dir='ltr'>occulti</span> <span class='ocrx_word' id='word_1_55' title='bbox 511 494 626 537; x_wconf 89' lang='lat' dir='ltr'>soliti</span> <span class='ocrx_word' id='word_1_56' title='bbox 659 497 783 536; x_wconf 89' lang='lat' dir='ltr'>erant</span> <span class='ocrx_word' id='word_1_57' title='bbox 814 495 1048 548; x_wconf 83' lang='lat' dir='ltr'>conquesti,</span> <span class='ocrx_word' id='word_1_58' title='bbox 1081 509 1340 550; x_wconf 88' lang='lat' dir='ltr'>quamquam</span> <span class='ocrx_word' id='word_1_59' title='bbox 1371 497 1437 536; x_wconf 87' lang='lat' dir='ltr'>tot</span> <span class='ocrx_word' id='word_1_60' title='bbox 1463 496 1575 536; x_wconf 90' lang='lat' dir='ltr'>mala</span> <span class='ocrx_word' id='word_1_61' title='bbox 1600 510 1669 537; x_wconf 90' lang='lat' dir='ltr'>ur-</span> 
     </span>
     <span class='ocr_line' id='line_1_8' title="bbox 115 553 1668 610; baseline 0.001 -16"><span class='ocrx_word' id='word_1_62' title='bbox 115 557 275 609; x_wconf 84' lang='lat' dir='ltr'>gerent,</span> <span class='ocrx_word' id='word_1_63' title='bbox 306 556 521 610; x_wconf 82' lang='lat' dir='ltr'>negarunt</span> <span class='ocrx_word' id='word_1_64' title='bbox 551 554 770 595; x_wconf 89' lang='lat' dir='ltr'>fortunam</span> <span class='ocrx_word' id='word_1_65' title='bbox 804 553 1089 595; x_wconf 83' lang='lat' dir='ltr'>accusandam</span> <span class='ocrx_word' id='word_1_66' title='bbox 1121 568 1224 608; x_wconf 91' lang='lat' dir='ltr'>esse,</span> <span class='ocrx_word' id='word_1_67' title='bbox 1257 553 1370 609; x_wconf 91' lang='lat' dir='ltr'>quod</span> <span class='ocrx_word' id='word_1_68' title='bbox 1401 554 1446 595; x_wconf 91' lang='lat' dir='ltr'>in</span> <span class='ocrx_word' id='word_1_69' title='bbox 1478 555 1668 608; x_wconf 89' lang='lat' dir='ltr'>ipsorum</span> 
     </span>
     <span class='ocr_line' id='line_1_9' title="bbox 114 612 1668 669; baseline 0.001 -15"><span class='ocrx_word' id='word_1_70' title='bbox 114 615 227 654; x_wconf 88' lang='lat' dir='ltr'>esset</span> <span class='ocrx_word' id='word_1_71' title='bbox 258 615 483 668; x_wconf 84' lang='lat' dir='ltr'>potestate,</span> <span class='ocrx_word' id='word_1_72' title='bbox 516 612 719 668; x_wconf 83' lang='lat' dir='ltr'>quamdiu</span> <span class='ocrx_word' id='word_1_73' title='bbox 752 627 801 654; x_wconf 90' lang='lat' dir='ltr'>ea</span> <span class='ocrx_word' id='word_1_74' title='bbox 832 615 1092 667; x_wconf 89' lang='lat' dir='ltr'>paterentur.</span> <span class='ocrx_word' id='word_1_75' title='bbox 1148 612 1354 654; x_wconf 89' lang='lat' dir='ltr'>Romanis</span> <span class='ocrx_word' id='word_1_76' title='bbox 1389 627 1562 654; x_wconf 90' lang='lat' dir='ltr'>causam</span> <span class='ocrx_word' id='word_1_77' title='bbox 1595 628 1668 669; x_wconf 92' lang='lat' dir='ltr'>op-</span> 
     </span>
     <span class='ocr_line' id='line_1_10' title="bbox 111 670 1668 727; baseline 0 -13"><span class='ocrx_word' id='word_1_78' title='bbox 111 672 332 727; x_wconf 85' lang='lat' dir='ltr'>pugnandi</span> <span class='ocrx_word' id='word_1_79' title='bbox 353 671 585 727; x_wconf 84' lang='lat' dir='ltr'>Syracusas</span> <span class='ocrx_word' id='word_1_80' title='bbox 607 672 737 713; x_wconf 76' lang='lat' dir='ltr'>fuisse</span> <span class='ocrx_word' id='word_1_81' title='bbox 758 672 980 713; x_wconf 87' lang='lat' dir='ltr'>caritatem</span> <span class='ocrx_word' id='word_1_82' title='bbox 1003 670 1378 726; x_wconf 84' lang='lat' dir='ltr'>Syracusanorum,</span> <span class='ocrx_word' id='word_1_83' title='bbox 1398 687 1486 714; x_wconf 91' lang='lat' dir='ltr'>non</span> <span class='ocrx_word' id='word_1_84' title='bbox 1507 672 1668 714; x_wconf 87' lang='lat' dir='ltr'>odium:</span> 
     </span>
     <span class='ocr_line' id='line_1_11' title="bbox 111 730 1668 786; baseline 0.001 -14"><span class='ocrx_word' id='word_1_85' title='bbox 111 745 212 772; x_wconf 91' lang='lat' dir='ltr'>nam</span> <span class='ocrx_word' id='word_1_86' title='bbox 242 735 291 773; x_wconf 92' lang='lat' dir='ltr'>ut</span> <span class='ocrx_word' id='word_1_87' title='bbox 323 733 549 786; x_wconf 87' lang='lat' dir='ltr'>occupatas</span> <span class='ocrx_word' id='word_1_88' title='bbox 589 745 655 772; x_wconf 92' lang='lat' dir='ltr'>res</span> <span class='ocrx_word' id='word_1_89' title='bbox 695 731 748 773; x_wconf 89' lang='lat' dir='ltr'>ab</span> <span class='ocrx_word' id='word_1_90' title='bbox 782 731 1038 772; x_wconf 88' lang='lat' dir='ltr'>satellitibus</span> <span class='ocrx_word' id='word_1_91' title='bbox 1069 730 1348 785; x_wconf 89' lang='lat' dir='ltr'>Hannibalis,</span> <span class='ocrx_word' id='word_1_92' title='bbox 1385 731 1535 772; x_wconf 91' lang='lat' dir='ltr'>deinde</span> <span class='ocrx_word' id='word_1_93' title='bbox 1567 731 1668 774; x_wconf 91' lang='lat' dir='ltr'>Hie-</span> 
     </span>
     <span class='ocr_line' id='line_1_12' title="bbox 111 789 1668 845; baseline 0 -13"><span class='ocrx_word' id='word_1_94' title='bbox 111 791 292 845; x_wconf 88' lang='lat' dir='ltr'>ronymi,</span> <span class='ocrx_word' id='word_1_95' title='bbox 323 790 586 845; x_wconf 87' lang='lat' dir='ltr'>Hippocrate</span> <span class='ocrx_word' id='word_1_96' title='bbox 618 793 744 845; x_wconf 90' lang='lat' dir='ltr'>atque</span> <span class='ocrx_word' id='word_1_97' title='bbox 776 789 981 845; x_wconf 86' lang='lat' dir='ltr'>Epicyde,</span> <span class='ocrx_word' id='word_1_98' title='bbox 1013 790 1236 844; x_wconf 89' lang='lat' dir='ltr'>audierint,</span> <span class='ocrx_word' id='word_1_99' title='bbox 1267 793 1360 832; x_wconf 92' lang='lat' dir='ltr'>tum</span> <span class='ocrx_word' id='word_1_100' title='bbox 1392 791 1553 832; x_wconf 90' lang='lat' dir='ltr'>bellum</span> <span class='ocrx_word' id='word_1_101' title='bbox 1579 806 1668 833; x_wconf 92' lang='lat' dir='ltr'>mo-</span> 
     </span>
     <span class='ocr_line' id='line_1_13' title="bbox 109 849 1668 904; baseline 0.001 -14"><span class='ocrx_word' id='word_1_102' title='bbox 109 849 221 891; x_wconf 82' lang='lat' dir='ltr'>visse</span> <span class='ocrx_word' id='word_1_103' title='bbox 261 852 302 890; x_wconf 90' lang='lat' dir='ltr'>et</span> <span class='ocrx_word' id='word_1_104' title='bbox 341 849 533 891; x_wconf 87' lang='lat' dir='ltr'>obsidere</span> <span class='ocrx_word' id='word_1_105' title='bbox 572 850 722 891; x_wconf 93' lang='lat' dir='ltr'>urbem</span> <span class='ocrx_word' id='word_1_106' title='bbox 761 849 967 904; x_wconf 89' lang='lat' dir='ltr'>coepisse,</span> <span class='ocrx_word' id='word_1_107' title='bbox 1008 852 1057 892; x_wconf 92' lang='lat' dir='ltr'>ut</span> <span class='ocrx_word' id='word_1_108' title='bbox 1095 850 1278 891; x_wconf 88' lang='lat' dir='ltr'>crudelis</span> <span class='ocrx_word' id='word_1_109' title='bbox 1316 852 1523 904; x_wconf 88' lang='lat' dir='ltr'>tyrannos</span> <span class='ocrx_word' id='word_1_110' title='bbox 1566 850 1668 904; x_wconf 87' lang='lat' dir='ltr'>eius,</span> 
     </span>
     <span class='ocr_line' id='line_1_14' title="bbox 108 908 1667 963; baseline 0.001 -14"><span class='ocrx_word' id='word_1_111' title='bbox 108 922 196 950; x_wconf 94' lang='lat' dir='ltr'>non</span> <span class='ocrx_word' id='word_1_112' title='bbox 221 911 270 950; x_wconf 92' lang='lat' dir='ltr'>ut</span> <span class='ocrx_word' id='word_1_113' title='bbox 288 908 427 963; x_wconf 88' lang='lat' dir='ltr'>ipsam</span> <span class='ocrx_word' id='word_1_114' title='bbox 452 909 601 950; x_wconf 88' lang='lat' dir='ltr'>urbem</span> <span class='ocrx_word' id='word_1_115' title='bbox 629 911 935 963; x_wconf 83' lang='lat' dir='ltr'>expugnarent.</span> <span class='ocrx_word' id='word_1_116' title='bbox 985 908 1246 963; x_wconf 89' lang='lat' dir='ltr'>Hippocrate</span> <span class='ocrx_word' id='word_1_117' title='bbox 1272 923 1372 950; x_wconf 85' lang='lat' dir='ltr'>vero</span> <span class='ocrx_word' id='word_1_118' title='bbox 1398 909 1667 963; x_wconf 84' lang='lat' dir='ltr'>interempt0‚</span> 
     </span>
     <span class='ocr_line' id='line_1_15' title="bbox 109 966 1668 1023; baseline 0.001 -15"><span class='ocrx_word' id='word_1_119' title='bbox 109 966 298 1022; x_wconf 88' lang='lat' dir='ltr'>Epicyde</span> <span class='ocrx_word' id='word_1_120' title='bbox 330 968 564 1009; x_wconf 88' lang='lat' dir='ltr'>intercluso</span> <span class='ocrx_word' id='word_1_121' title='bbox 598 968 651 1009; x_wconf 87' lang='lat' dir='ltr'>ab</span> <span class='ocrx_word' id='word_1_122' title='bbox 679 967 897 1023; x_wconf 81' lang='lat' dir='ltr'>Syracusis</span> <span class='ocrx_word' id='word_1_123' title='bbox 926 970 968 1010; x_wconf 88' lang='lat' dir='ltr'>et</span> <span class='ocrx_word' id='word_1_124' title='bbox 998 968 1224 1023; x_wconf 88' lang='lat' dir='ltr'>praefectis</span> <span class='ocrx_word' id='word_1_125' title='bbox 1253 970 1342 1010; x_wconf 90' lang='lat' dir='ltr'>eius</span> <span class='ocrx_word' id='word_1_126' title='bbox 1370 968 1533 1022; x_wconf 87' lang='lat' dir='ltr'>occisis,</span> <span class='ocrx_word' id='word_1_127' title='bbox 1567 966 1668 1009; x_wconf 88' lang='lat' dir='ltr'>Car-</span> 
     </span>
     <span class='ocr_line' id='line_1_16' title="bbox 109 1026 1668 1083; baseline 0.001 -16"><span class='ocrx_word' id='word_1_128' title='bbox 109 1026 455 1082; x_wconf 85' lang='lat' dir='ltr'>thaginiensibus</span> <span class='ocrx_word' id='word_1_129' title='bbox 489 1027 604 1068; x_wconf 90' lang='lat' dir='ltr'>omni</span> <span class='ocrx_word' id='word_1_130' title='bbox 641 1027 913 1082; x_wconf 88' lang='lat' dir='ltr'>possessione</span> <span class='ocrx_word' id='word_1_131' title='bbox 955 1026 1124 1069; x_wconf 86' lang='lat' dir='ltr'>Siciliae</span> <span class='ocrx_word' id='word_1_132' title='bbox 1163 1030 1279 1069; x_wconf 89' lang='lat' dir='ltr'>terra</span> <span class='ocrx_word' id='word_1_133' title='bbox 1310 1027 1502 1083; x_wconf 87' lang='lat' dir='ltr'>marique</span> <span class='ocrx_word' id='word_1_134' title='bbox 1532 1027 1668 1082; x_wconf 90' lang='lat' dir='ltr'>pulsis</span> 
     </span>
     <span class='ocr_line' id='line_1_17' title="bbox 108 1086 1668 1141; baseline 0.001 -15"><span class='ocrx_word' id='word_1_135' title='bbox 108 1110 166 1116; x_wconf 91' lang='lat'>—-</span> <span class='ocrx_word' id='word_1_136' title='bbox 198 1100 326 1140; x_wconf 86' lang='lat' dir='ltr'>quam</span> <span class='ocrx_word' id='word_1_137' title='bbox 360 1100 580 1140; x_wconf 88' lang='lat' dir='ltr'>superesse</span> <span class='ocrx_word' id='word_1_138' title='bbox 620 1100 792 1128; x_wconf 87' lang='lat' dir='ltr'>causam</span> <span class='ocrx_word' id='word_1_139' title='bbox 831 1086 1056 1141; x_wconf 87' lang='lat' dir='ltr'>Romanis,</span> <span class='ocrx_word' id='word_1_140' title='bbox 1096 1101 1170 1128; x_wconf 88' lang='lat' dir='ltr'>cur</span> <span class='ocrx_word' id='word_1_141' title='bbox 1207 1101 1295 1129; x_wconf 87' lang='lat' dir='ltr'>non</span> <span class='ocrx_word' id='word_1_142' title='bbox 1333 1086 1507 1140; x_wconf 90' lang='lat' dir='ltr'>perinde</span> <span class='ocrx_word' id='word_1_143' title='bbox 1546 1101 1595 1128; x_wconf 90' lang='lat' dir='ltr'>ac</span> <span class='ocrx_word' id='word_1_144' title='bbox 1633 1086 1668 1128; x_wconf 90' lang='lat' dir='ltr'>si</span> 
     </span>
     <span class='ocr_line' id='line_1_18' title="bbox 111 1144 1668 1199; baseline 0.001 -14"><span class='ocrx_word' id='word_1_145' title='bbox 111 1144 244 1186; x_wconf 87' lang='lat' dir='ltr'>Hiero</span> <span class='ocrx_word' id='word_1_146' title='bbox 277 1145 370 1199; x_wconf 88' lang='lat' dir='ltr'>ipse</span> <span class='ocrx_word' id='word_1_147' title='bbox 395 1146 570 1198; x_wconf 81' lang='lat' dir='ltr'>viveret,</span> <span class='ocrx_word' id='word_1_148' title='bbox 602 1146 752 1187; x_wconf 89' lang='lat' dir='ltr'>unicus</span> <span class='ocrx_word' id='word_1_149' title='bbox 778 1145 999 1187; x_wconf 86' lang='lat' dir='ltr'>Romanae</span> <span class='ocrx_word' id='word_1_150' title='bbox 1026 1146 1239 1187; x_wconf 88' lang='lat' dir='ltr'>amicitiae</span> <span class='ocrx_word' id='word_1_151' title='bbox 1267 1146 1416 1199; x_wconf 90' lang='lat' dir='ltr'>cultor,</span> <span class='ocrx_word' id='word_1_152' title='bbox 1442 1145 1668 1188; x_wconf 89' lang='lat' dir='ltr'>incolumis</span> 
     </span>
     <span class='ocr_line' id='line_1_19' title="bbox 110 1203 1668 1260; baseline 0.001 -15"><span class='ocrx_word' id='word_1_153' title='bbox 110 1203 345 1258; x_wconf 88' lang='lat' dir='ltr'>Syracusas</span> <span class='ocrx_word' id='word_1_154' title='bbox 383 1218 476 1245; x_wconf 90' lang='lat' dir='ltr'>esse</span> <span class='ocrx_word' id='word_1_155' title='bbox 516 1205 680 1246; x_wconf 76' lang='lat' dir='ltr'>velint?</span> <span class='ocrx_word' id='word_1_156' title='bbox 725 1205 868 1260; x_wconf 85' lang='lat' dir='ltr'>itaque</span> <span class='ocrx_word' id='word_1_157' title='bbox 907 1219 984 1247; x_wconf 91' lang='lat' dir='ltr'>nec</span> <span class='ocrx_word' id='word_1_158' title='bbox 1022 1205 1118 1247; x_wconf 90' lang='lat' dir='ltr'>urbi</span> <span class='ocrx_word' id='word_1_159' title='bbox 1154 1220 1231 1247; x_wconf 88' lang='lat' dir='ltr'>nec</span> <span class='ocrx_word' id='word_1_160' title='bbox 1269 1205 1514 1247; x_wconf 90' lang='lat' dir='ltr'>hominibus</span> <span class='ocrx_word' id='word_1_161' title='bbox 1555 1204 1668 1246; x_wconf 89' lang='lat' dir='ltr'>aliud</span> 
     </span>
     <span class='ocr_line' id='line_1_20' title="bbox 107 1263 1668 1318; baseline 0.001 -14"><span class='ocrx_word' id='word_1_162' title='bbox 107 1263 344 1317; x_wconf 87' lang='lat' dir='ltr'>periculum</span> <span class='ocrx_word' id='word_1_163' title='bbox 382 1278 509 1318; x_wconf 88' lang='lat' dir='ltr'>quam</span> <span class='ocrx_word' id='word_1_164' title='bbox 551 1264 604 1305; x_wconf 89' lang='lat' dir='ltr'>ab</span> <span class='ocrx_word' id='word_1_165' title='bbox 645 1266 779 1305; x_wconf 89' lang='lat' dir='ltr'>semet</span> <span class='ocrx_word' id='word_1_166' title='bbox 815 1264 920 1318; x_wconf 88' lang='lat' dir='ltr'>ipsis</span> <span class='ocrx_word' id='word_1_167' title='bbox 961 1278 1070 1318; x_wconf 88' lang='lat' dir='ltr'>esse,</span> <span class='ocrx_word' id='word_1_168' title='bbox 1110 1264 1145 1306; x_wconf 91' lang='lat' dir='ltr'>si</span> <span class='ocrx_word' id='word_1_169' title='bbox 1184 1264 1449 1306; x_wconf 88' lang='lat' dir='ltr'>occasionem</span> <span class='ocrx_word' id='word_1_170' title='bbox 1480 1264 1668 1306; x_wconf 89' lang='lat' dir='ltr'>reconci-</span> 
     </span>
     <span class='ocr_line' id='line_1_21' title="bbox 108 1321 1668 1378; baseline 0.001 -15"><span class='ocrx_word' id='word_1_171' title='bbox 108 1322 244 1363; x_wconf 88' lang='lat' dir='ltr'>liandi</span> <span class='ocrx_word' id='word_1_172' title='bbox 293 1336 336 1363; x_wconf 93' lang='lat' dir='ltr'>se</span> <span class='ocrx_word' id='word_1_173' title='bbox 374 1321 580 1364; x_wconf 84' lang='lat' dir='ltr'>Romanis</span> <span class='ocrx_word' id='word_1_174' title='bbox 624 1324 1031 1377; x_wconf 83' lang='lat' dir='ltr'>praetermisissent3</span> <span class='ocrx_word' id='word_1_175' title='bbox 1075 1338 1167 1365; x_wconf 89' lang='lat' dir='ltr'>eam</span> <span class='ocrx_word' id='word_1_176' title='bbox 1213 1326 1374 1377; x_wconf 86' lang='lat' dir='ltr'>autem,</span> <span class='ocrx_word' id='word_1_177' title='bbox 1417 1323 1554 1378; x_wconf 87' lang='lat' dir='ltr'>qualis</span> <span class='ocrx_word' id='word_1_178' title='bbox 1594 1323 1668 1365; x_wconf 90' lang='lat' dir='ltr'>illo</span> 
     </span>
     <span class='ocr_line' id='line_1_22' title="bbox 109 1381 1666 1436; baseline 0.001 -14"><span class='ocrx_word' id='word_1_179' title='bbox 109 1384 326 1423; x_wconf 89' lang='lat' dir='ltr'>momento</span> <span class='ocrx_word' id='word_1_180' title='bbox 358 1381 490 1423; x_wconf 89' lang='lat' dir='ltr'>horae</span> <span class='ocrx_word' id='word_1_181' title='bbox 524 1382 592 1436; x_wconf 88' lang='lat' dir='ltr'>sit,</span> <span class='ocrx_word' id='word_1_182' title='bbox 624 1383 786 1424; x_wconf 90' lang='lat' dir='ltr'>nullam</span> <span class='ocrx_word' id='word_1_183' title='bbox 819 1382 970 1424; x_wconf 89' lang='lat' dir='ltr'>deinde</span> <span class='ocrx_word' id='word_1_184' title='bbox 1002 1382 1112 1435; x_wconf 87' lang='lat' dir='ltr'>fore,</span> <span class='ocrx_word' id='word_1_185' title='bbox 1145 1382 1181 1424; x_wconf 89' lang='lat' dir='ltr'>si</span> <span class='ocrx_word' id='word_1_186' title='bbox 1214 1383 1342 1424; x_wconf 90' lang='lat' dir='ltr'>simul</span> <span class='ocrx_word' id='word_1_187' title='bbox 1373 1382 1578 1424; x_wconf 87' lang='lat' dir='ltr'>liberatas</span> <span class='ocrx_word' id='word_1_188' title='bbox 1613 1382 1666 1423; x_wconf 91' lang='lat' dir='ltr'>ab</span> 
     </span>
     <span class='ocr_line' id='line_1_23' title="bbox 109 1441 1669 1496; baseline 0.002 -15"><span class='ocrx_word' id='word_1_189' title='bbox 109 1441 420 1494; x_wconf 86' lang='lat' dir='ltr'>impotentibus</span> <span class='ocrx_word' id='word_1_190' title='bbox 458 1442 656 1495; x_wconf 88' lang='lat' dir='ltr'>tyrannis</span> <span class='ocrx_word' id='word_1_191' title='bbox 689 1441 918 1496; x_wconf 75' lang='lat' dir='ltr'>Syracusas</span> <span class='ocrx_word' id='word_1_192' title='bbox 961 1455 1041 1484; x_wconf 79' lang='lat' dir='ltr'>esse</span> <span class='ocrx_word' id='word_1_193' title='bbox 1080 1445 1118 1484; x_wconf 69' lang='lat' dir='ltr'>et</span> <span class='ocrx_word' id='word_1_194' title='bbox 1153 1443 1359 1495; x_wconf 71' lang='lat' dir='ltr'>applicare</span> <span class='ocrx_word' id='word_1_195' title='bbox 1395 1455 1435 1484; x_wconf 78' lang='grc'>86</span> <span class='ocrx_word' id='word_1_196' title='bbox 1466 1441 1669 1484; x_wconf 70' lang='lat' dir='ltr'>Romanis</span> 
     </span>
     <span class='ocr_line' id='line_1_24' title="bbox 109 1500 389 1554; baseline 0.004 -14"><span class='ocrx_word' id='word_1_197' title='bbox 109 1500 389 1554; x_wconf 85' lang='lat' dir='ltr'>apparuisset.</span> 
     </span>
    </p>
   </div>
   <div class='ocr_carea' id='block_1_3' title="bbox 0 1336 5 3163">
    <p class='ocr_par' dir='ltr' id='par_1_3' title="bbox 0 1336 5 3163">
     <span class='ocr_line' id='line_1_25' title="bbox 0 1336 5 3163; baseline 0 0"><span class='ocrx_word' id='word_1_198' title='bbox 0 1336 5 3163; x_wconf 95' lang='lat' dir='ltr'> </span> 
     </span>
    </p>
   </div>
   <div class='ocr_carea' id='block_1_4' title="bbox 102 1592 855 2910">
    <p class='ocr_par' dir='ltr' id='par_1_4' title="bbox 107 1592 850 1780">
     <span class='ocr_line' id='line_1_26' title="bbox 154 1592 849 1638; baseline 0 -12"><span class='ocrx_word' id='word_1_199' title='bbox 154 1595 185 1626; x_wconf 88' lang='lat'>5.</span> <span class='ocrx_word' id='word_1_200' title='bbox 212 1593 504 1638; x_wconf 76' lang='lat' dir='ltr'>adloquerentur]</span> <span class='ocrx_word' id='word_1_201' title='bbox 527 1604 622 1637; x_wconf 83' lang='lat' dir='ltr'>ganz</span> <span class='ocrx_word' id='word_1_202' title='bbox 637 1592 849 1637; x_wconf 82' lang='lat' dir='ltr'>allgemein,</span> 
     </span>
     <span class='ocr_line' id='line_1_27' title="bbox 107 1638 849 1685; baseline 0.003 -13"><span class='ocrx_word' id='word_1_203' title='bbox 107 1638 177 1673; x_wconf 81' lang='lat' dir='ltr'>wie</span> <span class='ocrx_word' id='word_1_204' title='bbox 210 1639 278 1673; x_wconf 88' lang='lat' dir='ltr'>wir</span> <span class='ocrx_word' id='word_1_205' title='bbox 307 1639 377 1673; x_wconf 90' lang='lat' dir='ltr'>mit</span> <span class='ocrx_word' id='word_1_206' title='bbox 408 1639 492 1674; x_wconf 87' lang='lat' dir='ltr'>dem</span> <span class='ocrx_word' id='word_1_207' title='bbox 520 1639 685 1685; x_wconf 74' lang='lat' dir='ltr'>Simplex</span> <span class='ocrx_word' id='word_1_208' title='bbox 719 1651 849 1685; x_wconf 72' lang='lat' dir='ltr'>Sagen:</span> 
     </span>
     <span class='ocr_line' id='line_1_28' title="bbox 107 1686 850 1731; baseline 0.001 -11"><span class='ocrx_word' id='word_1_209' title='bbox 107 1697 169 1720; x_wconf 89' lang='lat' dir='ltr'>um</span> <span class='ocrx_word' id='word_1_210' title='bbox 209 1686 268 1720; x_wconf 89' lang='lat' dir='ltr'>die</span> <span class='ocrx_word' id='word_1_211' title='bbox 306 1686 558 1721; x_wconf 85' lang='lat' dir='ltr'>Verwandten</span> <span class='ocrx_word' id='word_1_212' title='bbox 598 1687 764 1731; x_wconf 78' lang='lat' dir='ltr'>(einmal)</span> <span class='ocrx_word' id='word_1_213' title='bbox 808 1699 850 1721; x_wconf 91' lang='lat' dir='ltr'>zu</span> 
     </span>
     <span class='ocr_line' id='line_1_29' title="bbox 109 1734 826 1780; baseline 0.001 -12"><span class='ocrx_word' id='word_1_214' title='bbox 109 1734 305 1778; x_wconf 74' lang='lat' dir='ltr'>sprechen3</span> <span class='ocrx_word' id='word_1_215' title='bbox 333 1734 465 1768; x_wconf 86' lang='lat' dir='ltr'>anders</span> <span class='ocrx_word' id='word_1_216' title='bbox 492 1739 548 1777; x_wconf 85' lang='grc'>24,</span> <span class='ocrx_word' id='word_1_217' title='bbox 577 1739 617 1769; x_wconf 84' lang='grc'>15</span> <span class='ocrx_word' id='word_1_218' title='bbox 646 1736 826 1780; x_wconf 75' lang='lat' dir='ltr'>adloquio.</span> 
     </span>
    </p>

    <p class='ocr_par' dir='ltr' id='par_1_5' title="bbox 107 1781 851 1958">
     <span class='ocr_line' id='line_1_30' title="bbox 148 1781 851 1827; baseline 0.001 -12"><span class='ocrx_word' id='word_1_219' title='bbox 148 1786 264 1826; x_wconf 74' lang='lat' dir='ltr'>pacta</span> <span class='ocrx_word' id='word_1_220' title='bbox 289 1809 296 1815; x_wconf 91' lang='lat'>.</span> <span class='ocrx_word' id='word_1_221' title='bbox 326 1809 332 1815; x_wconf 92' lang='lat'>.</span> <span class='ocrx_word' id='word_1_222' title='bbox 364 1782 547 1827; x_wconf 75' lang='lat' dir='ltr'>haberent]</span> <span class='ocrx_word' id='word_1_223' title='bbox 588 1781 851 1816; x_wconf 79' lang='lat' dir='ltr'>inhaltsvoller</span> 
     </span>
     <span class='ocr_line' id='line_1_31' title="bbox 107 1827 849 1875; baseline 0.004 -14"><span class='ocrx_word' id='word_1_224' title='bbox 107 1827 161 1862; x_wconf 86' lang='lat' dir='ltr'>als</span> <span class='ocrx_word' id='word_1_225' title='bbox 177 1828 241 1862; x_wconf 82' lang='lat' dir='ltr'>(las</span> <span class='ocrx_word' id='word_1_226' title='bbox 257 1828 630 1875; x_wconf 71' lang='lat' dir='ltr'>blossepepiye&#39;ssent‚·</span> <span class='ocrx_word' id='word_1_227' title='bbox 644 1830 717 1873; x_wconf 76' lang='lat' dir='ltr'>vgl.</span> <span class='ocrx_word' id='word_1_228' title='bbox 735 1833 790 1872; x_wconf 83' lang='lat'>38,</span> <span class='ocrx_word' id='word_1_229' title='bbox 808 1834 849 1865; x_wconf 89' lang='grc'>13</span> 
     </span>
     <span class='ocr_line' id='line_1_32' title="bbox 107 1875 851 1921; baseline 0.004 -12"><span class='ocrx_word' id='word_1_230' title='bbox 107 1875 182 1909; x_wconf 86' lang='lat' dir='ltr'>und</span> <span class='ocrx_word' id='word_1_231' title='bbox 206 1880 258 1910; x_wconf 90' lang='lat'>14.</span> <span class='ocrx_word' id='word_1_232' title='bbox 290 1876 323 1919; x_wconf 81' lang='lat'>7,</span> <span class='ocrx_word' id='word_1_233' title='bbox 344 1879 399 1919; x_wconf 88' lang='grc'>32,</span> <span class='ocrx_word' id='word_1_234' title='bbox 421 1881 440 1910; x_wconf 85' lang='grc'>9</span> <span class='ocrx_word' id='word_1_235' title='bbox 468 1878 530 1921; x_wconf 79' lang='lat' dir='ltr'>qui</span> <span class='ocrx_word' id='word_1_236' title='bbox 556 1878 678 1911; x_wconf 71' lang='lat' dir='ltr'>omnia</span> <span class='ocrx_word' id='word_1_237' title='bbox 700 1878 797 1911; x_wconf 82' lang='lat' dir='ltr'>eirca</span> <span class='ocrx_word' id='word_1_238' title='bbox 815 1888 851 1912; x_wconf 79' lang='lat' dir='ltr'>se</span> 
     </span>
     <span class='ocr_line' id='line_1_33' title="bbox 107 1924 677 1958; baseline 0 0"><span class='ocrx_word' id='word_1_239' title='bbox 107 1924 243 1958; x_wconf 78' lang='lat' dir='ltr'>domita</span> <span class='ocrx_word' id='word_1_240' title='bbox 269 1924 381 1957; x_wconf 81' lang='lat' dir='ltr'>armis</span> <span class='ocrx_word' id='word_1_241' title='bbox 406 1924 561 1958; x_wconf 72' lang='lat' dir='ltr'>habeant</span> <span class='ocrx_word' id='word_1_242' title='bbox 586 1935 619 1958; x_wconf 91' lang='lat' dir='ltr'>u.</span> <span class='ocrx_word' id='word_1_243' title='bbox 647 1934 677 1957; x_wconf 79' lang='lat' dir='ltr'>a.</span> 
     </span>
    </p>

    <p class='ocr_par' dir='ltr' id='par_1_6' title="bbox 106 1970 851 2155">
     <span class='ocr_line' id='line_1_34' title="bbox 156 1970 851 2015; baseline 0 -10"><span class='ocrx_word' id='word_1_244' title='bbox 156 1975 186 2005; x_wconf 84' lang='lat'>6.</span> <span class='ocrx_word' id='word_1_245' title='bbox 208 1970 379 2015; x_wconf 74' lang='lat' dir='ltr'>quaeque]</span> <span class='ocrx_word' id='word_1_246' title='bbox 396 1970 470 2004; x_wconf 87' lang='lat' dir='ltr'>und</span> <span class='ocrx_word' id='word_1_247' title='bbox 486 1972 655 2005; x_wconf 80' lang='lat' dir='ltr'>worfiber</span> <span class='ocrx_word' id='word_1_248' title='bbox 669 1970 721 2005; x_wconf 84' lang='lat' dir='ltr'>sie</span> <span class='ocrx_word' id='word_1_249' title='bbox 735 1971 851 2005; x_wconf 81' lang='lat' dir='ltr'>selbst</span> 
     </span>
     <span class='ocr_line' id='line_1_35' title="bbox 109 2017 849 2063; baseline 0.004 -13"><span class='ocrx_word' id='word_1_250' title='bbox 109 2017 242 2051; x_wconf 73' lang='lat' dir='ltr'>‘sonst’</span> <span class='ocrx_word' id='word_1_251' title='bbox 265 2018 431 2062; x_wconf 85' lang='lat' dir='ltr'>gemurrt</span> <span class='ocrx_word' id='word_1_252' title='bbox 450 2017 600 2060; x_wconf 70' lang='lat' dir='ltr'>hatten,</span> <span class='ocrx_word' id='word_1_253' title='bbox 622 2019 696 2063; x_wconf 78' lang='lat' dir='ltr'>vgl.</span> <span class='ocrx_word' id='word_1_254' title='bbox 719 2019 777 2060; x_wconf 74' lang='lat'>26,</span> <span class='ocrx_word' id='word_1_255' title='bbox 793 2022 849 2061; x_wconf 90' lang='lat'>35,</span> 
     </span>
     <span class='ocr_line' id='line_1_36' title="bbox 108 2065 850 2110; baseline 0.001 -11"><span class='ocrx_word' id='word_1_256' title='bbox 108 2069 127 2099; x_wconf 83' lang='lat'><strong>7</strong></span> <span class='ocrx_word' id='word_1_257' title='bbox 153 2065 239 2099; x_wconf 79' lang='lat' dir='ltr'>haec</span> <span class='ocrx_word' id='word_1_258' title='bbox 257 2075 331 2099; x_wconf 68' lang='lat' dir='ltr'>ium</span> <span class='ocrx_word' id='word_1_259' title='bbox 351 2066 391 2099; x_wconf 76' lang='lat' dir='ltr'>in</span> <span class='ocrx_word' id='word_1_260' title='bbox 409 2066 558 2108; x_wconf 78' lang='lat' dir='ltr'>occulto,</span> <span class='ocrx_word' id='word_1_261' title='bbox 581 2066 642 2100; x_wconf 73' lang='lat' dir='ltr'>secl</span> <span class='ocrx_word' id='word_1_262' title='bbox 655 2067 850 2110; x_wconf 72' lang='lat' dir='ltr'>propalam</span> 
     </span>
     <span class='ocr_line' id='line_1_37' title="bbox 106 2112 314 2155; baseline 0.005 -9"><span class='ocrx_word' id='word_1_263' title='bbox 106 2112 314 2155; x_wconf 68' lang='lat' dir='ltr'>fremebant.</span> 
     </span>
    </p>

    <p class='ocr_par' dir='ltr' id='par_1_7' title="bbox 102 2158 851 2392">
     <span class='ocr_line' id='line_1_38' title="bbox 155 2158 849 2205; baseline 0.001 -11"><span class='ocrx_word' id='word_1_264' title='bbox 155 2160 301 2205; x_wconf 78' lang='lat' dir='ltr'>occulti]</span> <span class='ocrx_word' id='word_1_265' title='bbox 341 2158 407 2193; x_wconf 88' lang='lat' dir='ltr'>auf</span> <span class='ocrx_word' id='word_1_266' title='bbox 435 2159 501 2193; x_wconf 79' lang='lat' dir='ltr'>das</span> <span class='ocrx_word' id='word_1_267' title='bbox 536 2159 635 2203; x_wconf 79' lang='lat' dir='ltr'>Subj.</span> <span class='ocrx_word' id='word_1_268' title='bbox 675 2161 849 2205; x_wconf 81' lang='lat' dir='ltr'>bezogen,</span> 
     </span>
     <span class='ocr_line' id='line_1_39' title="bbox 107 2205 849 2251; baseline 0.001 -11"><span class='ocrx_word' id='word_1_269' title='bbox 107 2205 175 2240; x_wconf 86' lang='lat' dir='ltr'>wie</span> <span class='ocrx_word' id='word_1_270' title='bbox 207 2206 444 2251; x_wconf 74' lang='lat' dir='ltr'>gewohnlich</span> <span class='ocrx_word' id='word_1_271' title='bbox 477 2207 537 2241; x_wconf 85' lang='lat' dir='ltr'>bei</span> <span class='ocrx_word' id='word_1_272' title='bbox 563 2207 659 2249; x_wconf 75' lang='lat' dir='ltr'>Liv.,</span> <span class='ocrx_word' id='word_1_273' title='bbox 693 2219 720 2241; x_wconf 86' lang='lat' dir='ltr'>z.</span> <span class='ocrx_word' id='word_1_274' title='bbox 748 2207 787 2241; x_wconf 86' lang='lat' dir='ltr'>B.</span> <span class='ocrx_word' id='word_1_275' title='bbox 815 2208 849 2250; x_wconf 83' lang='lat'>9,</span> 
     </span>
     <span class='ocr_line' id='line_1_40' title="bbox 109 2255 851 2299; baseline 0.001 -11"><span class='ocrx_word' id='word_1_276' title='bbox 109 2257 171 2296; x_wconf 81' lang='lat'>25,</span> <span class='ocrx_word' id='word_1_277' title='bbox 200 2258 218 2288; x_wconf 82' lang='lat'><strong>7</strong></span> <span class='ocrx_word' id='word_1_278' title='bbox 251 2255 419 2298; x_wconf 74' lang='lat' dir='ltr'>missique</span> <span class='ocrx_word' id='word_1_279' title='bbox 449 2256 596 2297; x_wconf 75' lang='lat' dir='ltr'>milites,</span> <span class='ocrx_word' id='word_1_280' title='bbox 628 2256 691 2299; x_wconf 76' lang='lat' dir='ltr'>qui</span> <span class='ocrx_word' id='word_1_281' title='bbox 721 2256 851 2290; x_wconf 72' lang='lat' dir='ltr'>occulti</span> 
     </span>
     <span class='ocr_line' id='line_1_41' title="bbox 102 2301 848 2345; baseline 0.004 -11"><span class='ocrx_word' id='word_1_282' title='bbox 102 2301 313 2345; x_wconf 73' lang='lat' dir='ltr'>propinqua</span> <span class='ocrx_word' id='word_1_283' title='bbox 331 2303 514 2337; x_wconf 80' lang='lat' dir='ltr'>moenibus</span> <span class='ocrx_word' id='word_1_284' title='bbox 536 2303 736 2337; x_wconf 70' lang='lat' dir='ltr'>insiderent</span> <span class='ocrx_word' id='word_1_285' title='bbox 755 2303 848 2345; x_wconf 78' lang='lat' dir='ltr'>Ioca3</span> 
     </span>
     <span class='ocr_line' id='line_1_42' title="bbox 110 2347 395 2392; baseline 0.007 -12"><span class='ocrx_word' id='word_1_286' title='bbox 110 2347 186 2392; x_wconf 81' lang='lat' dir='ltr'>vgl.</span> <span class='ocrx_word' id='word_1_287' title='bbox 213 2359 255 2381; x_wconf 87' lang='lat' dir='ltr'>zu</span> <span class='ocrx_word' id='word_1_288' title='bbox 280 2352 336 2390; x_wconf 88' lang='lat'>30,</span> <span class='ocrx_word' id='word_1_289' title='bbox 363 2352 395 2382; x_wconf 88' lang='lat'>4.</span> 
     </span>
    </p>

    <p class='ocr_par' dir='ltr' id='par_1_8' title="bbox 109 2395 855 2577">
     <span class='ocr_line' id='line_1_43' title="bbox 158 2395 855 2440; baseline 0.003 -12"><span class='ocrx_word' id='word_1_290' title='bbox 158 2398 188 2428; x_wconf 84' lang='lat'>7.</span> <span class='ocrx_word' id='word_1_291' title='bbox 216 2395 418 2440; x_wconf 70' lang='lat' dir='ltr'>audierint]</span> <span class='ocrx_word' id='word_1_292' title='bbox 447 2395 542 2429; x_wconf 84' lang='lat' dir='ltr'>ohne</span> <span class='ocrx_word' id='word_1_293' title='bbox 563 2395 769 2430; x_wconf 73' lang='lat' dir='ltr'>Rsicksicht</span> <span class='ocrx_word' id='word_1_294' title='bbox 789 2396 855 2430; x_wconf 86' lang='lat' dir='ltr'>auf</span> 
     </span>
     <span class='ocr_line' id='line_1_44' title="bbox 110 2441 851 2487; baseline 0.004 -14"><span class='ocrx_word' id='word_1_295' title='bbox 110 2441 176 2476; x_wconf 82' lang='lat' dir='ltr'>das</span> <span class='ocrx_word' id='word_1_296' title='bbox 192 2441 493 2485; x_wconf 76' lang='lat' dir='ltr'>vorhergchcnde</span> <span class='ocrx_word' id='word_1_297' title='bbox 508 2447 689 2487; x_wconf 58' lang='grc' dir='ltr'>περᾶν-ατη</span> <span class='ocrx_word' id='word_1_298' title='bbox 708 2442 757 2476; x_wconf 76' lang='lat' dir='ltr'>ist</span> <span class='ocrx_word' id='word_1_299' title='bbox 770 2443 851 2478; x_wconf 77' lang='lat' dir='ltr'>hier</span> 
     </span>
     <span class='ocr_line' id='line_1_45' title="bbox 110 2488 851 2533; baseline 0.004 -11"><span class='ocrx_word' id='word_1_300' title='bbox 110 2488 176 2522; x_wconf 86' lang='lat' dir='ltr'>das</span> <span class='ocrx_word' id='word_1_301' title='bbox 197 2488 357 2533; x_wconf 84' lang='lat' dir='ltr'>Tempus</span> <span class='ocrx_word' id='word_1_302' title='bbox 384 2489 449 2523; x_wconf 81' lang='lat' dir='ltr'>der</span> <span class='ocrx_word' id='word_1_303' title='bbox 469 2489 634 2523; x_wconf 62' lang='lat' dir='ltr'>dirce-ten</span> <span class='ocrx_word' id='word_1_304' title='bbox 654 2489 754 2524; x_wconf 81' lang='lat' dir='ltr'>Redc</span> <span class='ocrx_word' id='word_1_305' title='bbox 776 2490 851 2525; x_wconf 82' lang='lat' dir='ltr'>bei-</span> 
     </span>
     <span class='ocr_line' id='line_1_46' title="bbox 109 2535 638 2577; baseline 0 -7"><span class='ocrx_word' id='word_1_306' title='bbox 109 2535 300 2577; x_wconf 69' lang='lat' dir='ltr'>behaltem</span> <span class='ocrx_word' id='word_1_307' title='bbox 328 2547 367 2569; x_wconf 81' lang='lat' dir='ltr'>so</span> <span class='ocrx_word' id='word_1_308' title='bbox 395 2535 449 2570; x_wconf 90' lang='lat' dir='ltr'>oft</span> <span class='ocrx_word' id='word_1_309' title='bbox 475 2535 534 2570; x_wconf 83' lang='lat' dir='ltr'>bei</span> <span class='ocrx_word' id='word_1_310' title='bbox 560 2536 638 2570; x_wconf 82' lang='lat' dir='ltr'>Liv.</span> 
     </span>
    </p>

    <p class='ocr_par' dir='ltr' id='par_1_9' title="bbox 157 2584 489 2629">
     <span class='ocr_line' id='line_1_47' title="bbox 157 2584 489 2629; baseline 0 -11"><span class='ocrx_word' id='word_1_311' title='bbox 157 2584 248 2629; x_wconf 81' lang='lat' dir='ltr'>tum]</span> <span class='ocrx_word' id='word_1_312' title='bbox 277 2595 302 2616; x_wconf 75' lang='lat' dir='ltr'>s.</span> <span class='ocrx_word' id='word_1_313' title='bbox 330 2595 372 2616; x_wconf 90' lang='lat' dir='ltr'>zu</span> <span class='ocrx_word' id='word_1_314' title='bbox 398 2586 430 2626; x_wconf 85' lang='lat'>8,</span> <span class='ocrx_word' id='word_1_315' title='bbox 458 2588 489 2618; x_wconf 84' lang='lat'>9.</span> 
     </span>
    </p>

    <p class='ocr_par' dir='ltr' id='par_1_10' title="bbox 105 2630 851 2910">
     <span class='ocr_line' id='line_1_48' title="bbox 156 2630 850 2676; baseline 0 -11"><span class='ocrx_word' id='word_1_316' title='bbox 156 2631 420 2676; x_wconf 67' lang='lat' dir='ltr'>empufflzarent]</span> <span class='ocrx_word' id='word_1_317' title='bbox 435 2642 477 2663; x_wconf 83' lang='lat' dir='ltr'>zu</span> <span class='ocrx_word' id='word_1_318' title='bbox 493 2635 667 2675; x_wconf 71' lang='lat' dir='ltr'>tyrannos</span> <span class='ocrx_word' id='word_1_319' title='bbox 682 2630 730 2664; x_wconf 86' lang='lat' dir='ltr'>im</span> <span class='ocrx_word' id='word_1_320' title='bbox 741 2631 850 2665; x_wconf 78' lang='lat' dir='ltr'>Sinne</span> 
     </span>
     <span class='ocr_line' id='line_1_49' title="bbox 111 2677 850 2721; baseline 0.001 -10"><span class='ocrx_word' id='word_1_321' title='bbox 111 2688 185 2711; x_wconf 83' lang='lat' dir='ltr'>von</span> <span class='ocrx_word' id='word_1_322' title='bbox 197 2677 497 2721; x_wconf 69' lang='lat' dir='ltr'>‘iiberwaltigen’</span> <span class='ocrx_word' id='word_1_323' title='bbox 509 2689 550 2711; x_wconf 82' lang='lat' dir='ltr'>zu</span> <span class='ocrx_word' id='word_1_324' title='bbox 563 2678 739 2720; x_wconf 68' lang='lat' dir='ltr'>nchmcn,</span> <span class='ocrx_word' id='word_1_325' title='bbox 755 2679 850 2712; x_wconf 82' lang='lat' dir='ltr'>doch</span> 
     </span>
     <span class='ocr_line' id='line_1_50' title="bbox 110 2724 851 2759; baseline 0.003 -2"><span class='ocrx_word' id='word_1_326' title='bbox 110 2724 305 2759; x_wconf 80' lang='lat' dir='ltr'>verbindet</span> <span class='ocrx_word' id='word_1_327' title='bbox 318 2725 396 2759; x_wconf 83' lang='lat' dir='ltr'>Liv.</span> <span class='ocrx_word' id='word_1_328' title='bbox 415 2725 655 2759; x_wconf 77' lang='lat' dir='ltr'>abweichend</span> <span class='ocrx_word' id='word_1_329' title='bbox 677 2736 760 2759; x_wconf 83' lang='lat' dir='ltr'>vom</span> <span class='ocrx_word' id='word_1_330' title='bbox 779 2725 851 2759; x_wconf 86' lang='lat' dir='ltr'>bis-</span> 
     </span>
     <span class='ocr_line' id='line_1_51' title="bbox 110 2771 850 2817; baseline 0.004 -13"><span class='ocrx_word' id='word_1_331' title='bbox 110 2771 265 2816; x_wconf 84' lang='lat' dir='ltr'>herigen</span> <span class='ocrx_word' id='word_1_332' title='bbox 296 2783 392 2817; x_wconf 65' lang='lat' dir='ltr'>pros</span> <span class='ocrx_word' id='word_1_333' title='bbox 427 2772 757 2817; x_wconf 79' lang='lat' dir='ltr'>Sprachgebrauch</span> <span class='ocrx_word' id='word_1_334' title='bbox 792 2784 850 2807; x_wconf 71' lang='lat' dir='ltr'>ea:-</span> 
     </span>
     <span class='ocr_line' id='line_1_52' title="bbox 105 2819 850 2864; baseline 0 -11"><span class='ocrx_word' id='word_1_335' title='bbox 105 2830 273 2863; x_wconf 72' lang='lat' dir='ltr'>puynare</span> <span class='ocrx_word' id='word_1_336' title='bbox 298 2819 394 2853; x_wconf 86' lang='lat' dir='ltr'>auch</span> <span class='ocrx_word' id='word_1_337' title='bbox 420 2821 523 2853; x_wconf 65' lang='lat' dir='ltr'>sonet</span> <span class='ocrx_word' id='word_1_338' title='bbox 542 2819 611 2853; x_wconf 88' lang='lat' dir='ltr'>mit</span> <span class='ocrx_word' id='word_1_339' title='bbox 631 2819 751 2854; x_wconf 86' lang='lat' dir='ltr'>einem</span> <span class='ocrx_word' id='word_1_340' title='bbox 771 2832 850 2864; x_wconf 77' lang='lat' dir='ltr'>per-</span> 
     </span>
     <span class='ocr_line' id='line_1_53' title="bbox 111 2865 849 2910; baseline 0.004 -11"><span class='ocrx_word' id='word_1_341' title='bbox 111 2865 202 2899; x_wconf 73' lang='lat' dir='ltr'>sonl.</span> <span class='ocrx_word' id='word_1_342' title='bbox 236 2865 335 2910; x_wconf 58' lang='lat' dir='ltr'>obj,</span> <span class='ocrx_word' id='word_1_343' title='bbox 369 2879 395 2900; x_wconf 88' lang='lat' dir='ltr'>z.</span> <span class='ocrx_word' id='word_1_344' title='bbox 424 2867 462 2901; x_wconf 91' lang='lat' dir='ltr'>B.</span> <span class='ocrx_word' id='word_1_345' title='bbox 495 2867 562 2909; x_wconf 81' lang='lat'>37,</span> <span class='ocrx_word' id='word_1_346' title='bbox 589 2870 649 2909; x_wconf 79' lang='lat'>25,</span> <span class='ocrx_word' id='word_1_347' title='bbox 677 2871 696 2901; x_wconf 87' lang='lat'>5</span> <span class='ocrx_word' id='word_1_348' title='bbox 729 2868 849 2903; x_wconf 67' lang='lat' dir='ltr'>venire</span> 
     </span>
    </p>
   </div>
   <div class='ocr_carea' id='block_1_5' title="bbox 917 1594 1668 2913">
    <p class='ocr_par' dir='ltr' id='par_1_11' title="bbox 917 1594 1668 1875">
     <span class='ocr_line' id='line_1_54' title="bbox 923 1594 1666 1640; baseline 0 -12"><span class='ocrx_word' id='word_1_349' title='bbox 923 1604 979 1628; x_wconf 78' lang='lat' dir='ltr'>eos</span> <span class='ocrx_word' id='word_1_350' title='bbox 999 1594 1047 1628; x_wconf 80' lang='lat' dir='ltr'>ad</span> <span class='ocrx_word' id='word_1_351' title='bbox 1067 1594 1187 1628; x_wconf 71' lang='lat' dir='ltr'>omnia</span> <span class='ocrx_word' id='word_1_352' title='bbox 1206 1605 1318 1640; x_wconf 63' lang='lat' dir='ltr'>reama</span> <span class='ocrx_word' id='word_1_353' title='bbox 1338 1594 1507 1636; x_wconf 69' lang='lat' dir='ltr'>tollenda,</span> <span class='ocrx_word' id='word_1_354' title='bbox 1528 1597 1569 1629; x_wconf 78' lang='lat' dir='ltr'>ut</span> <span class='ocrx_word' id='word_1_355' title='bbox 1586 1594 1666 1628; x_wconf 75' lang='lat' dir='ltr'>uul-</span> 
     </span>
     <span class='ocr_line' id='line_1_55' title="bbox 924 1641 1666 1686; baseline 0.001 -11"><span class='ocrx_word' id='word_1_356' title='bbox 924 1642 996 1675; x_wconf 85' lang='lat' dir='ltr'>lum</span> <span class='ocrx_word' id='word_1_357' title='bbox 1032 1652 1180 1686; x_wconf 79' lang='lat' dir='ltr'>usquam</span> <span class='ocrx_word' id='word_1_358' title='bbox 1216 1643 1291 1676; x_wconf 72' lang='lat' dir='ltr'>uisi</span> <span class='ocrx_word' id='word_1_359' title='bbox 1321 1641 1525 1676; x_wconf 72' lang='lat' dir='ltr'>Romanum</span> <span class='ocrx_word' id='word_1_360' title='bbox 1559 1642 1666 1685; x_wconf 75' lang='lat' dir='ltr'>impe-</span> 
     </span>
     <span class='ocr_line' id='line_1_56' title="bbox 922 1688 1667 1734; baseline 0.001 -12"><span class='ocrx_word' id='word_1_361' title='bbox 922 1689 1015 1722; x_wconf 82' lang='lat' dir='ltr'>rium</span> <span class='ocrx_word' id='word_1_362' title='bbox 1045 1692 1140 1723; x_wconf 80' lang='lat' dir='ltr'>esset.</span> <span class='ocrx_word' id='word_1_363' title='bbox 1180 1688 1413 1734; x_wconf 75' lang='lat' dir='ltr'>Philippum,</span> <span class='ocrx_word' id='word_1_364' title='bbox 1447 1688 1583 1723; x_wconf 81' lang='lat' dir='ltr'>Nabim</span> <span class='ocrx_word' id='word_1_365' title='bbox 1609 1700 1667 1723; x_wconf 74' lang='lat' dir='ltr'>ex·</span> 
     </span>
     <span class='ocr_line' id='line_1_57' title="bbox 917 1737 1666 1781; baseline 0.001 -12"><span class='ocrx_word' id='word_1_366' title='bbox 917 1740 1119 1781; x_wconf 72' lang='lat' dir='ltr'>puquatos:</span> <span class='ocrx_word' id='word_1_367' title='bbox 1150 1747 1185 1771; x_wconf 81' lang='grc'>36</span> <span class='ocrx_word' id='word_1_368' title='bbox 1211 1738 1354 1771; x_wconf 76' lang='lat' dir='ltr'>tertium</span> <span class='ocrx_word' id='word_1_369' title='bbox 1373 1737 1472 1780; x_wconf 57' lang='lat' dir='ltr'>petz,</span> <span class='ocrx_word' id='word_1_370' title='bbox 1502 1740 1543 1770; x_wconf 80' lang='lat' dir='ltr'>ut</span> <span class='ocrx_word' id='word_1_371' title='bbox 1571 1737 1666 1781; x_wconf 78' lang='lat' dir='ltr'>quis-</span> 
     </span>
     <span class='ocr_line' id='line_1_58' title="bbox 923 1784 1668 1828; baseline 0.001 -12"><span class='ocrx_word' id='word_1_372' title='bbox 923 1794 988 1827; x_wconf 79' lang='lat' dir='ltr'>que</span> <span class='ocrx_word' id='word_1_373' title='bbox 1014 1784 1206 1827; x_wconf 65' lang='lat' dir='ltr'>proximus</span> <span class='ocrx_word' id='word_1_374' title='bbox 1237 1784 1282 1818; x_wconf 81' lang='lat' dir='ltr'>ab</span> <span class='ocrx_word' id='word_1_375' title='bbox 1315 1794 1480 1828; x_wconf 76' lang='lat' dir='ltr'>oppresso</span> <span class='ocrx_word' id='word_1_376' title='bbox 1507 1785 1571 1826; x_wconf 76' lang='lat' dir='ltr'>sit,</span> <span class='ocrx_word' id='word_1_377' title='bbox 1599 1794 1668 1827; x_wconf 76' lang='lat' dir='ltr'>per</span> 
     </span>
     <span class='ocr_line' id='line_1_59' title="bbox 923 1831 1540 1875; baseline 0.002 -12"><span class='ocrx_word' id='word_1_378' title='bbox 923 1831 1038 1865; x_wconf 78' lang='lat' dir='ltr'>onmis</span> <span class='ocrx_word' id='word_1_379' title='bbox 1064 1831 1268 1865; x_wconf 78' lang='lat' dir='ltr'>incendium</span> <span class='ocrx_word' id='word_1_380' title='bbox 1291 1842 1540 1875; x_wconf 71' lang='lat' dir='ltr'>pervasurum.</span> 
     </span>
    </p>

    <p class='ocr_par' dir='ltr' id='par_1_12' title="bbox 924 1878 1667 1968">
     <span class='ocr_line' id='line_1_60' title="bbox 971 1878 1667 1923; baseline 0.003 -12"><span class='ocrx_word' id='word_1_381' title='bbox 971 1880 1002 1911; x_wconf 90' lang='lat'>8.</span> <span class='ocrx_word' id='word_1_382' title='bbox 1036 1878 1260 1923; x_wconf 65' lang='lat' dir='ltr'>interempto]</span> <span class='ocrx_word' id='word_1_383' title='bbox 1290 1895 1333 1907; x_wconf 93' lang='lat'><strong><em>=</em></strong></span> <span class='ocrx_word' id='word_1_384' title='bbox 1358 1882 1453 1923; x_wconf 76' lang='lat' dir='ltr'>peste</span> <span class='ocrx_word' id='word_1_385' title='bbox 1479 1879 1667 1922; x_wconf 72' lang='lat' dir='ltr'>absumpto</span> 
     </span>
     <span class='ocr_line' id='line_1_61' title="bbox 924 1926 1090 1968; baseline 0.006 -10"><span class='ocrx_word' id='word_1_386' title='bbox 924 1926 993 1968; x_wconf 77' lang='lat'>(26,</span> <span class='ocrx_word' id='word_1_387' title='bbox 1024 1927 1090 1968; x_wconf 80' lang='lat'>15).</span> 
     </span>
    </p>

    <p class='ocr_par' dir='ltr' id='par_1_13' title="bbox 921 1971 1666 2431">
     <span class='ocr_line' id='line_1_62' title="bbox 970 1971 1665 2017; baseline 0.003 -12"><span class='ocrx_word' id='word_1_388' title='bbox 970 1972 1116 2017; x_wconf 70' lang='lat' dir='ltr'>unicus]</span> <span class='ocrx_word' id='word_1_389' title='bbox 1132 1971 1193 2006; x_wconf 84' lang='lat' dir='ltr'>bei</span> <span class='ocrx_word' id='word_1_390' title='bbox 1204 1971 1282 2006; x_wconf 78' lang='lat' dir='ltr'>Liv.</span> <span class='ocrx_word' id='word_1_391' title='bbox 1299 1971 1353 2006; x_wconf 85' lang='lat' dir='ltr'>oft</span> <span class='ocrx_word' id='word_1_392' title='bbox 1367 1989 1411 2001; x_wconf 94' lang='lat'><strong><em>=</em></strong></span> <span class='ocrx_word' id='word_1_393' title='bbox 1426 1973 1665 2017; x_wconf 56' lang='lat' dir='ltr'>praestantes-</span> 
     </span>
     <span class='ocr_line' id='line_1_63' title="bbox 922 2019 1666 2064; baseline 0.001 -12"><span class='ocrx_word' id='word_1_394' title='bbox 922 2020 1052 2062; x_wconf 79' lang='lat' dir='ltr'>simus,</span> <span class='ocrx_word' id='word_1_395' title='bbox 1086 2020 1296 2064; x_wconf 72' lang='lat' dir='ltr'>sinyularis.</span> <span class='ocrx_word' id='word_1_396' title='bbox 1346 2019 1458 2054; x_wconf 83' lang='lat' dir='ltr'>Hiero</span> <span class='ocrx_word' id='word_1_397' title='bbox 1485 2030 1563 2053; x_wconf 80' lang='lat' dir='ltr'>war</span> <span class='ocrx_word' id='word_1_398' title='bbox 1591 2019 1666 2053; x_wconf 76' lang='lat' dir='ltr'>‘ein</span> 
     </span>
     <span class='ocr_line' id='line_1_64' title="bbox 922 2065 1662 2111; baseline 0.001 -12"><span class='ocrx_word' id='word_1_399' title='bbox 922 2065 1063 2100; x_wconf 84' lang='lat' dir='ltr'>Mustcr</span> <span class='ocrx_word' id='word_1_400' title='bbox 1077 2066 1142 2100; x_wconf 83' lang='lat' dir='ltr'>der</span> <span class='ocrx_word' id='word_1_401' title='bbox 1154 2066 1476 2111; x_wconf 65' lang='lat' dir='ltr'>Anhanglichkeit</span> <span class='ocrx_word' id='word_1_402' title='bbox 1493 2078 1539 2100; x_wconf 84' lang='lat' dir='ltr'>an</span> <span class='ocrx_word' id='word_1_403' title='bbox 1554 2066 1662 2101; x_wconf 87' lang='lat' dir='ltr'>Rom&#39;</span> 
     </span>
     <span class='ocr_line' id='line_1_65' title="bbox 923 2113 1666 2158; baseline 0 -11"><span class='ocrx_word' id='word_1_404' title='bbox 923 2124 1104 2157; x_wconf 85' lang='lat' dir='ltr'>gewesen.</span> <span class='ocrx_word' id='word_1_405' title='bbox 1156 2114 1198 2147; x_wconf 90' lang='lat' dir='ltr'>In</span> <span class='ocrx_word' id='word_1_406' title='bbox 1229 2113 1294 2147; x_wconf 84' lang='lat' dir='ltr'>der</span> <span class='ocrx_word' id='word_1_407' title='bbox 1325 2114 1567 2158; x_wconf 79' lang='lat' dir='ltr'>Verbindung</span> <span class='ocrx_word' id='word_1_408' title='bbox 1598 2113 1666 2147; x_wconf 78' lang='lat' dir='ltr'>mit</span> 
     </span>
     <span class='ocr_line' id='line_1_66' title="bbox 921 2161 1665 2206; baseline 0.001 -12"><span class='ocrx_word' id='word_1_409' title='bbox 921 2162 1032 2204; x_wconf 77' lang='lat' dir='ltr'>filius,</span> <span class='ocrx_word' id='word_1_410' title='bbox 1058 2162 1139 2204; x_wconf 68' lang='lat' dir='ltr'>filia</span> <span class='ocrx_word' id='word_1_411' title='bbox 1165 2161 1239 2194; x_wconf 88' lang='lat' dir='ltr'>und</span> <span class='ocrx_word' id='word_1_412' title='bbox 1264 2172 1342 2206; x_wconf 79' lang='lat' dir='ltr'>spes</span> <span class='ocrx_word' id='word_1_413' title='bbox 1368 2161 1434 2195; x_wconf 86' lang='lat' dir='ltr'>hat</span> <span class='ocrx_word' id='word_1_414' title='bbox 1454 2163 1584 2196; x_wconf 68' lang='lat' dir='ltr'>unicus</span> <span class='ocrx_word' id='word_1_415' title='bbox 1604 2161 1665 2195; x_wconf 85' lang='lat' dir='ltr'>bei</span> 
     </span>
     <span class='ocr_line' id='line_1_67' title="bbox 922 2207 1665 2253; baseline 0.003 -12"><span class='ocrx_word' id='word_1_416' title='bbox 922 2207 1001 2242; x_wconf 85' lang='lat' dir='ltr'>Liv.</span> <span class='ocrx_word' id='word_1_417' title='bbox 1040 2208 1100 2242; x_wconf 80' lang='lat' dir='ltr'>die</span> <span class='ocrx_word' id='word_1_418' title='bbox 1140 2208 1447 2253; x_wconf 82' lang='lat' dir='ltr'>Zahlbedeutung</span> <span class='ocrx_word' id='word_1_419' title='bbox 1478 2226 1521 2238; x_wconf 95' lang='lat'>=</span> <span class='ocrx_word' id='word_1_420' title='bbox 1556 2220 1665 2252; x_wconf 67' lang='lat' dir='ltr'>intus,</span> 
     </span>
     <span class='ocr_line' id='line_1_68' title="bbox 922 2255 1664 2300; baseline 0.003 -12"><span class='ocrx_word' id='word_1_421' title='bbox 922 2266 999 2289; x_wconf 86' lang='lat' dir='ltr'>was</span> <span class='ocrx_word' id='word_1_422' title='bbox 1027 2255 1106 2289; x_wconf 86' lang='lat' dir='ltr'>sich</span> <span class='ocrx_word' id='word_1_423' title='bbox 1137 2255 1189 2289; x_wconf 89' lang='lat' dir='ltr'>im</span> <span class='ocrx_word' id='word_1_424' title='bbox 1215 2257 1388 2300; x_wconf 64' lang='lat' dir='ltr'>spatercn</span> <span class='ocrx_word' id='word_1_425' title='bbox 1414 2256 1493 2290; x_wconf 86' lang='lat' dir='ltr'>Lat.</span> <span class='ocrx_word' id='word_1_426' title='bbox 1521 2255 1576 2290; x_wconf 81' lang='lat' dir='ltr'>als</span> <span class='ocrx_word' id='word_1_427' title='bbox 1602 2266 1664 2300; x_wconf 80' lang='lat' dir='ltr'>ge-</span> 
     </span>
     <span class='ocr_line' id='line_1_69' title="bbox 923 2302 1664 2346; baseline 0.003 -11"><span class='ocrx_word' id='word_1_428' title='bbox 923 2302 1153 2337; x_wconf 75' lang='lat' dir='ltr'>wohnlicher</span> <span class='ocrx_word' id='word_1_429' title='bbox 1208 2303 1403 2337; x_wconf 84' lang='lat' dir='ltr'>Ausdruck</span> <span class='ocrx_word' id='word_1_430' title='bbox 1463 2302 1664 2346; x_wconf 73' lang='lat' dir='ltr'>festsetzte,</span> 
     </span>
     <span class='ocr_line' id='line_1_70' title="bbox 923 2350 1665 2385; baseline 0 -2"><span class='ocrx_word' id='word_1_431' title='bbox 923 2350 1097 2384; x_wconf 65' lang='lat' dir='ltr'>wahrend</span> <span class='ocrx_word' id='word_1_432' title='bbox 1128 2362 1224 2385; x_wconf 70' lang='lat' dir='ltr'>&#39;uuus</span> <span class='ocrx_word' id='word_1_433' title='bbox 1256 2362 1336 2383; x_wconf 83' lang='lat' dir='ltr'>zum</span> <span class='ocrx_word' id='word_1_434' title='bbox 1375 2350 1665 2384; x_wconf 81' lang='lat' dir='ltr'>unbestimmten</span> 
     </span>
     <span class='ocr_line' id='line_1_71' title="bbox 921 2397 1229 2431; baseline 0.003 -1"><span class='ocrx_word' id='word_1_435' title='bbox 921 2397 1068 2431; x_wconf 73' lang='lat' dir='ltr'>Artikel</span> <span class='ocrx_word' id='word_1_436' title='bbox 1095 2397 1229 2431; x_wconf 76' lang='lat' dir='ltr'>wurde.</span> 
     </span>
    </p>

    <p class='ocr_par' dir='ltr' id='par_1_14' title="bbox 924 2443 1668 2618">
     <span class='ocr_line' id='line_1_72' title="bbox 972 2443 1666 2489; baseline 0 -11"><span class='ocrx_word' id='word_1_437' title='bbox 972 2449 1003 2478; x_wconf 86' lang='lat'>9.</span> <span class='ocrx_word' id='word_1_438' title='bbox 1036 2455 1100 2478; x_wconf 69' lang='lat' dir='ltr'>ozee</span> <span class='ocrx_word' id='word_1_439' title='bbox 1121 2471 1127 2477; x_wconf 94' lang='lat'>.</span> <span class='ocrx_word' id='word_1_440' title='bbox 1151 2471 1157 2477; x_wconf 98' lang='lat'>.</span> <span class='ocrx_word' id='word_1_441' title='bbox 1179 2444 1283 2478; x_wconf 76' lang='lat' dir='ltr'>aliud</span> <span class='ocrx_word' id='word_1_442' title='bbox 1304 2471 1310 2477; x_wconf 95' lang='lat'>.</span> <span class='ocrx_word' id='word_1_443' title='bbox 1333 2471 1339 2477; x_wconf 92' lang='lat'>.</span> <span class='ocrx_word' id='word_1_444' title='bbox 1361 2444 1484 2489; x_wconf 77' lang='lat' dir='ltr'>quam]</span> <span class='ocrx_word' id='word_1_445' title='bbox 1519 2454 1558 2477; x_wconf 83' lang='lat' dir='ltr'>so</span> <span class='ocrx_word' id='word_1_446' title='bbox 1589 2443 1666 2479; x_wconf 84' lang='lat' dir='ltr'>Liv.</span> 
     </span>
     <span class='ocr_line' id='line_1_73' title="bbox 926 2490 1667 2535; baseline 0 -10"><span class='ocrx_word' id='word_1_447' title='bbox 926 2490 1001 2525; x_wconf 81' lang='lat' dir='ltr'>fast</span> <span class='ocrx_word' id='word_1_448' title='bbox 1027 2491 1172 2532; x_wconf 70' lang='lat' dir='ltr'>immer,</span> <span class='ocrx_word' id='word_1_449' title='bbox 1201 2490 1274 2535; x_wconf 81' lang='lat' dir='ltr'>vgl.</span> <span class='ocrx_word' id='word_1_450' title='bbox 1302 2496 1357 2532; x_wconf 84' lang='grc'>33,</span> <span class='ocrx_word' id='word_1_451' title='bbox 1386 2495 1416 2525; x_wconf 84' lang='grc'>7.</span> <span class='ocrx_word' id='word_1_452' title='bbox 1444 2495 1500 2533; x_wconf 89' lang='grc'>38,</span> <span class='ocrx_word' id='word_1_453' title='bbox 1530 2496 1581 2525; x_wconf 85' lang='grc'>13.</span> <span class='ocrx_word' id='word_1_454' title='bbox 1611 2492 1667 2525; x_wconf 74' lang='grc' dir='ltr'>ἠἰ-</span> 
     </span>
     <span class='ocr_line' id='line_1_74' title="bbox 924 2537 1668 2582; baseline 0 -10"><span class='ocrx_word' id='word_1_455' title='bbox 924 2539 976 2572; x_wconf 82' lang='lat' dir='ltr'>hil</span> <span class='ocrx_word' id='word_1_456' title='bbox 1001 2539 1105 2572; x_wconf 77' lang='lat' dir='ltr'>aliud</span> <span class='ocrx_word' id='word_1_457' title='bbox 1129 2539 1220 2580; x_wconf 67' lang='lat' dir='ltr'>wisi,</span> <span class='ocrx_word' id='word_1_458' title='bbox 1253 2537 1322 2571; x_wconf 81' lang='lat' dir='ltr'>wie</span> <span class='ocrx_word' id='word_1_459' title='bbox 1356 2537 1432 2572; x_wconf 82' lang='lat' dir='ltr'>Cic.</span> <span class='ocrx_word' id='word_1_460' title='bbox 1467 2539 1567 2582; x_wconf 84' lang='lat' dir='ltr'>sagt,</span> <span class='ocrx_word' id='word_1_461' title='bbox 1600 2537 1668 2572; x_wconf 87' lang='lat' dir='ltr'>hat</span> 
     </span>
     <span class='ocr_line' id='line_1_75' title="bbox 925 2584 1333 2618; baseline 0 0"><span class='ocrx_word' id='word_1_462' title='bbox 925 2584 1002 2618; x_wconf 79' lang='lat' dir='ltr'>Liv.</span> <span class='ocrx_word' id='word_1_463' title='bbox 1031 2596 1098 2618; x_wconf 86' lang='lat' dir='ltr'>nur</span> <span class='ocrx_word' id='word_1_464' title='bbox 1124 2584 1333 2618; x_wconf 73' lang='lat' dir='ltr'>vercinzelt.</span> 
     </span>
    </p>

    <p class='ocr_par' dir='ltr' id='par_1_15' title="bbox 925 2631 1668 2761">
     <span class='ocr_line' id='line_1_76' title="bbox 971 2631 1666 2677; baseline 0.001 -11"><span class='ocrx_word' id='word_1_465' title='bbox 971 2633 1232 2666; x_wconf 74' lang='lat' dir='ltr'>reeoncilicmdi</span> <span class='ocrx_word' id='word_1_466' title='bbox 1256 2643 1292 2667; x_wconf 80' lang='lat' dir='ltr'>se</span> <span class='ocrx_word' id='word_1_467' title='bbox 1318 2631 1381 2677; x_wconf 75' lang='lat' dir='ltr'>R]</span> <span class='ocrx_word' id='word_1_468' title='bbox 1416 2631 1489 2676; x_wconf 78' lang='lat' dir='ltr'>vgl.</span> <span class='ocrx_word' id='word_1_469' title='bbox 1517 2632 1582 2674; x_wconf 81' lang='lat'>35,</span> <span class='ocrx_word' id='word_1_470' title='bbox 1612 2636 1666 2674; x_wconf 88' lang='lat'>19,</span> 
     </span>
     <span class='ocr_line' id='line_1_77' title="bbox 926 2680 1668 2725; baseline 0.001 -12"><span class='ocrx_word' id='word_1_471' title='bbox 926 2683 944 2713; x_wconf 83' lang='lat'>7</span> <span class='ocrx_word' id='word_1_472' title='bbox 984 2680 1067 2713; x_wconf 74' lang='lat' dir='ltr'>talis</span> <span class='ocrx_word' id='word_1_473' title='bbox 1110 2680 1226 2713; x_wconf 75' lang='lat' dir='ltr'>oratio</span> <span class='ocrx_word' id='word_1_474' title='bbox 1270 2690 1381 2725; x_wconf 61' lang='lat' dir='ltr'>regem</span> <span class='ocrx_word' id='word_1_475' title='bbox 1420 2680 1668 2715; x_wconf 73' lang='lat' dir='ltr'>reconciliavit</span> 
     </span>
     <span class='ocr_line' id='line_1_78' title="bbox 925 2726 1145 2761; baseline 0 -1"><span class='ocrx_word' id='word_1_476' title='bbox 925 2726 1145 2761; x_wconf 74' lang='lat' dir='ltr'>Hannibali.</span> 
     </span>
    </p>

    <p class='ocr_par' dir='ltr' id='par_1_16' title="bbox 972 2774 1580 2819">
     <span class='ocr_line' id='line_1_79' title="bbox 972 2774 1580 2819; baseline 0.003 -13"><span class='ocrx_word' id='word_1_477' title='bbox 972 2778 1143 2808; x_wconf 70' lang='lat' dir='ltr'>momento</span> <span class='ocrx_word' id='word_1_478' title='bbox 1169 2774 1290 2819; x_wconf 77' lang='lat' dir='ltr'>horae]</span> <span class='ocrx_word' id='word_1_479' title='bbox 1320 2785 1346 2807; x_wconf 82' lang='lat' dir='ltr'>s.</span> <span class='ocrx_word' id='word_1_480' title='bbox 1375 2784 1415 2806; x_wconf 87' lang='lat' dir='ltr'>zu</span> <span class='ocrx_word' id='word_1_481' title='bbox 1444 2777 1498 2816; x_wconf 83' lang='grc'>24,</span> <span class='ocrx_word' id='word_1_482' title='bbox 1528 2778 1580 2808; x_wconf 88' lang='grc'>14.</span> 
     </span>
    </p>

    <p class='ocr_par' dir='ltr' id='par_1_17' title="bbox 923 2820 1668 2913">
     <span class='ocr_line' id='line_1_80' title="bbox 971 2820 1668 2901; baseline 0.004 -48"><span class='ocrx_word' id='word_1_483' title='bbox 971 2821 1243 2901; x_wconf 53' lang='grc' dir='ltr'>τήιροίεήἱίὺίιἾ</span> <span class='ocrx_word' id='word_1_484' title='bbox 1277 2820 1396 2855; x_wconf 77' lang='lat' dir='ltr'>seiner</span> <span class='ocrx_word' id='word_1_485' title='bbox 1422 2820 1538 2855; x_wconf 82' lang='lat' dir='ltr'>selbst</span> <span class='ocrx_word' id='word_1_486' title='bbox 1563 2820 1668 2856; x_wconf 89' lang='lat' dir='ltr'>nicht</span> 
     </span>
     <span class='ocr_line' id='line_1_81' title="bbox 923 2866 1665 2913; baseline 0.003 -13"><span class='ocrx_word' id='word_1_487' title='bbox 923 2866 1106 2911; x_wconf 61' lang='lat' dir='ltr'>iniichtig,</span> <span class='ocrx_word' id='word_1_488' title='bbox 1139 2871 1228 2912; x_wconf 76' lang='lat' dir='ltr'>zfige</span> <span class='ocrx_word' id='word_1_489' title='bbox 1248 2868 1320 2911; x_wconf 84' lang='lat' dir='ltr'>los,</span> <span class='ocrx_word' id='word_1_490' title='bbox 1355 2867 1587 2913; x_wconf 84' lang='lat' dir='ltr'>despotisch;</span> <span class='ocrx_word' id='word_1_491' title='bbox 1625 2879 1665 2902; x_wconf 90' lang='lat' dir='ltr'>so</span> 
     </span>
    </p>
   </div>
  </div>
 </body>
</html>
