1882 3163
131 114 157 133 a.
182 105 250 132 chr.
277 113 304 130 n.
331 106 392 131 214.
676 93 822 128 LIBER
846 92 993 127 XXIIII.
1033 91 1136 127 CAP.
1162 94 1216 126 20.

1640 87 1697 129 35

132 205 429 247 Beneventum
462 204 702 257 acceperat,
745 201 930 242 reddidit
966 201 1084 242 hosti
1123 199 1286 241 cladem
1330 201 1457 253 atque
1495 198 1541 239 in
1571 195 1696 238 Brut-

132 265 219 306 tios
264 263 442 318 raptim,
485 276 538 303 ne
584 260 801 303 Gracchus
849 260 1168 315 adsequeretur,
1214 259 1436 300 concessit.
1499 255 1696 298 consules
1723 269 1742 299 3

132 323 362 366 Marcellus
394 325 526 376 retro,
562 320 673 361 unde
704 322 895 372 venerat,
932 318 1092 360 Nolam
1122 317 1266 372 rediit3
1309 317 1470 359 Fabius
1502 317 1545 357 in
1579 314 1696 358 Sam-

132 384 244 425 nites
284 382 336 423 ad
374 380 642 436 populandos
682 392 808 434 agros
846 378 1194 432 recipiendasque
1233 377 1363 418 armis
1395 391 1503 432 quae
1536 374 1696 417 defece-

132 445 232 484 rant
282 441 408 483 urbes
451 439 670 495 processit.
732 436 950 479 Caudinus
996 436 1167 478 Samnis
1213 436 1385 490 gravius
1431 436 1696 477 devastatus:
1723 447 1745 477 4

132 501 296 557 perusti
326 500 412 541 late
445 499 557 554 agri,
588 496 771 552 praedae
798 496 1007 551 pecudum
1033 495 1340 550 hominumque
1368 498 1507 550 actae3
1539 493 1699 548 oppida
1724 506 1744 537 5

133 561 175 602 vi
207 563 332 615 capta
364 557 642 612 Conpulteria
674 556 844 597 Telesia
876 554 1063 609 Compsa
1093 554 1208 608 inde,
1242 553 1471 609 Fugifulae
1504 556 1545 594 et
1577 553 1698 594 Orbi-

133 619 301 662 tanium
338 632 387 659 ex
424 616 628 671 Lucanis3
670 614 836 656 Blanda
875 618 917 656 et
956 614 1198 668 Apulorum
1229 613 1371 655 Aecae
1411 615 1698 668 oppugnatae.

133 679 255 721 milia
285 677 474 719 hostium
506 676 552 717 in
583 675 651 716 his
682 675 860 716 urbibus
887 674 1042 729 viginti
1076 673 1262 728 quinque
1295 674 1420 727 capta
1447 675 1520 713 aut
1547 672 1697 726 occisa,
1724 684 1744 714 6

134 741 177 780 et
219 736 381 791 recepti
423 735 625 790 perfugae
669 734 850 776 trecenti
895 733 1188 787 septuaginta,
1232 746 1340 787 quos
1386 746 1480 774 cum
1513 730 1698 773 Romam

133 797 322 839 misisset
366 794 535 848 consul,
581 793 711 849 virgis
755 794 802 834 in
848 793 1021 835 comitio
1065 791 1179 833 caesi
1223 805 1371 833 omnes
1416 805 1464 832 ac
1506 791 1556 831 de
1595 804 1698 831 saxo

134 856 298 898 deiecti.
346 854 451 895 haec
491 868 516 895 a
548 852 594 902 Q.
627 852 763 894 Fabio
802 853 917 894 intra
947 865 1108 906 paucos
1141 851 1230 892 dies
1263 853 1398 906 gesta.
1447 849 1698 891 Marcellum
1726 862 1744 892 7

134 916 187 957 ab
228 913 430 971 gerundis
469 913 596 954 rebus
635 912 836 954 valetudo
870 911 1048 953 adversa
1079 908 1218 952 Nolae
1249 910 1398 951 tenuit.
1449 912 1492 950 et
1524 923 1548 950 a
1579 922 1698 963 prae·
1726 920 1746 951 8

133 978 227 1017 tore
249 974 298 1023 Q.
317 972 465 1027 Fabio,
492 972 559 1014 cui
587 972 698 1013 circa
716 971 940 1012 Luceriam
960 970 1183 1025 provincia
1203 972 1307 1024 erat,
1329 969 1472 1011 Acuca
1494 967 1700 1022 oppidum

133 1048 210 1089 per
248 1048 320 1075 eos
355 1032 444 1073 dies
483 1032 526 1072 vi
564 1033 750 1085 captum,
788 1031 1029 1084 stativaque
1072 1029 1124 1070 ad
1163 1029 1386 1070 Ardaneas
1428 1027 1700 1070 communita.

253 1092 368 1134 Dum
400 1091 507 1132 haec
541 1091 635 1132 aliis
667 1091 773 1132 locis
802 1090 855 1131 ab
876 1089 1084 1131 Romanis
1112 1091 1328 1144 geruntur,
1360 1088 1446 1128 iam
1467 1087 1700 1128 Tarentum
1727 1100 1746 1130 9

134 1153 388 1207 pervenerat
419 1149 640 1191 Hannibal
682 1164 777 1191 cum
810 1149 997 1190 maxima
1029 1148 1238 1202 omnium,
1282 1160 1547 1202 quacumque
1579 1146 1700 1197 ierat,

136 1211 273 1266 clade3
323 1211 368 1251 in
413 1209 645 1250 Tarentino
697 1209 866 1249 demum
911 1221 1014 1263 agro
1059 1210 1263 1261 pacatum
1307 1206 1501 1247 incedere
1546 1219 1701 1260 agmen
1728 1218 1771 1249 10

135 1271 287 1325 coepit.
341 1268 450 1310 nihil
494 1268 555 1309 ibi
598 1268 806 1309 violatum
848 1281 984 1322 neque
1027 1281 1208 1321 usquam
1253 1266 1324 1307 via
1362 1279 1580 1306 excessum
1619 1267 1700 1318 est,

138 1329 454 1384 apparebatque
486 1341 572 1368 non
604 1327 646 1368 id
678 1327 888 1368 modestia
920 1326 1106 1367 militum
1138 1328 1212 1366 aut
1244 1325 1380 1379 ducis,
1413 1324 1486 1365 sed
1518 1324 1571 1365 ad
1603 1338 1701 1365 con-

137 1388 344 1430 ciliandos
378 1387 546 1428 animos
567 1386 900 1428 Tarentinorum
931 1385 1035 1426 fieri.
1086 1388 1272 1426 ceterum
1306 1399 1401 1426 cum
1427 1398 1560 1438 prope
1587 1397 1700 1425 moe·
1729 1398 1769 1429 11

135 1448 262 1489 nibus
302 1446 593 1499 successisset,
635 1446 755 1487 nullo
796 1445 848 1486 ad
882 1447 1159 1498 conspectum
1191 1444 1376 1498 primum
1409 1443 1611 1498 agminis,
1654 1444 1702 1483 ut

136 1507 327 1557 rebatur,
367 1508 489 1548 motu
527 1504 642 1546 facto
681 1507 822 1546 castra
855 1505 908 1546 ab
941 1504 1045 1545 urbe
1076 1504 1209 1544 ferme
1241 1517 1394 1557 passus
1425 1502 1544 1543 mille
1575 1502 1702 1544 locat.

183 1650 215 1682 2.
255 1645 429 1691 reddidit]
456 1645 525 1681 wie
553 1650 608 1690 17,
636 1649 667 1681 7.

184 1693 349 1739 adsequi]
375 1692 445 1728 wie
470 1692 535 1736 oft,
562 1693 711 1728 absolut
729 1694 882 1738 gesetzt.

186 1746 218 1776 3.
253 1741 363 1786 retro]
379 1741 471 1775 wird
485 1741 570 1775 sehr
589 1741 716 1785 haufig
736 1752 779 1774 zu
792 1740 881 1775 Ver-

137 1789 229 1832 ben,
269 1787 423 1822 diemit
456 1799 494 1822 re
529 1789 886 1833 zusammengesetzt

137 1835 230 1879 sind,
248 1835 501 1880 pleonastisch
520 1835 765 1880 hinzugeffigt
778 1837 886 1878 (retro

137 1883 254 1918 ¹redire
273 1882 384 1916 kehrt
408 1882 544 1917 wieder
569 1887 626 1925 39,
651 1884 726 1925 11);
753 1882 886 1917 ebenso

139 1930 255 1965 findet
279 1929 357 1964 sich
378 1929 437 1963 die
462 1929 499 1963 in
522 1929 605 1964 dem
625 1930 721 1964 unde
740 1932 884 1964 venerat

140 1976 312 2022 liegende
348 1976 453 2011 Ffflle
486 1976 550 2011 des
582 1976 794 2011 Ausdrucks
825 1975 886 2011 bei

138 2025 177 2060 L.
205 2024 340 2069 htmfig,
368 2036 396 2058 2.
424 2024 463 2058 Β.
492 2028 548 2068 40,
577 2028 596 2058 9
622 2024 779 2059 navibus
804 2024 884 2058 Ori-

139 2083 219 2107 cum
244 2075 349 2114 retro,
375 2072 471 2106 unde
497 2075 651 2113 venerat,
677 2071 844 2106 remissis.

188 2123 219 2153 4.
256 2118 421 2163 yravz'us]
450 2119 619 2153 dasselbe
639 2119 707 2153 hat
731 2118 884 2153 Marcel-

137 2167 195 2202 lus
229 2166 282 2200 im
313 2166 640 2211 vorhergehenden
677 2166 788 2200 Jahre
824 2176 883 2210 ge-

137 2214 246 2257 than3
282 2225 310 2249 s.
336 2212 396 2255 23,
422 2218 484 2257 41,
514 2218 556 2248 13
592 2214 734 2248 crebras
759 2224 882 2248 excar-

139 2262 256 2296 siones
289 2262 328 2295 in
362 2260 544 2296 Samnites
576 2261 762 2296 Caudinos
798 2261 883 2303 fecit

141 2309 296 2353 adeoque
321 2309 444 2343 omnia
468 2308 565 2351 ferro
592 2312 698 2353 atque
722 2309 802 2353 igni
820 2319 883 2342 ra-

139 2357 259 2399 stavit,
285 2358 326 2389 ut
345 2356 581 2399 antiquarum
601 2356 761 2390 cladium
781 2355 883 2390 Sam-

142 2403 206 2438 nio
231 2403 437 2437 memoriam
462 2406 658 2437 renovaret.

182 2449 359 2495 praedae]
386 2462 412 2484 s.
441 2461 484 2483 zu
513 2454 566 2492 16,
594 2454 625 2484 5.

189 2502 221 2532 5.
247 2497 348 2542 inde]
379 2513 422 2525 =
450 2508 493 2530 em
517 2498 582 2539 iis,
615 2496 883 2541 entsprechend

142 2544 225 2580 dem
251 2544 447 2589 folgenden
474 2555 517 2578 ex
536 2544 717 2585 Lucanis3
749 2543 822 2588 vgl.
849 2543 885 2585 9,

142 2596 198 2636 20,
225 2595 263 2626 9:
298 2593 339 2626 in
364 2591 534 2625 Lucanos
554 2595 776 2635 perrectum‚·
802 2591 886 2625 inde

143 2659 186 2664 —
212 2639 393 2674 Nerulum
417 2639 454 2673 vi
480 2642 635 2682 captum.

191 2692 222 2722 6.
258 2697 345 2731 quos
371 2686 466 2731 cum]
489 2702 532 2714 =
553 2687 627 2730 qui,
653 2696 733 2720 cum
759 2695 823 2719 eos.

190 2734 387 2778 comitium]
428 2733 484 2767 ein
519 2732 626 2767 Theil
658 2733 721 2767 des
753 2733 883 2775 forum.

192 2785 223 2815 7.
254 2792 393 2825 paucos
419 2780 508 2826 dies]
537 2779 701 2822 beweist‚
721 2779 806 2814 dass
828 2779 885 2814 die

144 2829 357 2863 erwahnten
395 2827 525 2862 Stadte
564 2827 668 2861 nicht
705 2826 778 2861 alle
815 2837 887 2861 von

144 2875 279 2910 Fabius
314 2874 524 2919 personlich
557 2884 777 2920 genommen
810 2873 887 2908 sein

957 1644 1105 1680 konnen
1138 1645 1239 1688 (man
1270 1643 1440 1679 bedenke
1472 1643 1530 1678 die
1556 1643 1701 1678 Entfer-

956 1704 1059 1737 nung
1091 1703 1163 1727 von
1190 1691 1431 1736 Conpulteria
1450 1691 1506 1726 bis
1532 1691 1700 1736 Blanda).

957 1740 1012 1774 Im
1037 1739 1261 1784 Gegentheil
1286 1739 1460 1774 scheinen
1485 1738 1545 1773 die
1564 1738 1701 1773 Erobe-

958 1798 1100 1832 rungen
1131 1786 1170 1820 in
1194 1786 1384 1821 Lucanien
1415 1797 1488 1821 von
1515 1785 1702 1821 Gracchus

960 1834 1134 1879 gemacht
1155 1835 1193 1877 (s.
1215 1838 1270 1877 20,
1287 1835 1404 1877 1-2),
1424 1835 1546 1868 Aecae
1566 1833 1701 1868 ebenso

960 1882 1030 1916 wie
1056 1881 1121 1915 das
1147 1884 1165 1922 ἓ
1191 1884 1211 1914 8
1245 1881 1434 1916 erwahnte
1460 1883 1585 1915 Acuca
1615 1891 1702 1914 vom

954 1929 1095 1974 jungen
1122 1928 1258 1962 Fabius
1285 1939 1506 1973 genommen
1533 1940 1577 1962 zu
1611 1926 1700 1962 sein.

1006 1975 1136 2020 tenuit]
1171 1975 1229 2009 die
1263 1974 1402 2010 Constr.
1438 1975 1555 2009 dieser
1588 1973 1702 2009 Stelle

958 2023 1008 2058 ist
1033 2033 1411 2067 zusammengezogen
1438 2033 1502 2057 aus
1529 2022 1600 2056 den
1625 2021 1702 2056 bei-

959 2071 1029 2105 den
1050 2070 1190 2105 Constr.
1214 2070 1335 2104 Marc.
1356 2071 1426 2104 val.
1447 2069 1565 2104 Nolae
1587 2070 1703 2104 tenuit

957 2131 994 2153 u.
1023 2118 1143 2152 Marc.
1170 2118 1241 2152 val.
1274 2118 1319 2152 ab
1347 2128 1418 2162 yer.
1452 2117 1556 2152 rebus
1587 2117 1702 2151 tenuit

959 2167 1018 2209 (=
1040 2165 1247 2210 prohibuit,
1272 2165 1343 2200 wie
1373 2169 1431 2207 19,
1460 2169 1478 2199 7
1519 2165 1634 2199 tenuit
1659 2175 1704 2198 ne

959 2213 1216 2247 ‘durchsetzen
1242 2212 1325 2247 dass
1345 2212 1463 2247 nicht’
1488 2211 1702 2246 =hindern

957 2261 1041 2295 dass
1063 2277 1106 2288 =
1127 2260 1300 2304 impedire
1321 2271 1365 2294 ne
1390 2260 1468 2302 ist);
1495 2259 1562 2294 wir
1587 2270 1702 2304 sagen

961 2308 1038 2342 ‘Kr.
1065 2307 1160 2342 hielt
1191 2307 1262 2342 den
1288 2307 1336 2341 M.
1364 2319 1407 2341 zu
1433 2307 1530 2342 Nola
1563 2306 1602 2340 111
1628 2306 1701 2340 Un-

957 2354 1189 2400 thittigkeit’.

1007 2406 1037 2437 9.
1077 2402 1174 2446 aliis]
1201 2402 1254 2436 im
1274 2400 1479 2446 Gegensatz
1505 2413 1548 2434 zu
1565 2400 1598 2434 T
1598 2411 1701 2434 aren-

960 2453 1046 2493 tum,
1072 2449 1140 2483 wie
1167 2449 1212 2483 ab
1233 2448 1410 2482 Romanis
1431 2460 1472 2482 zu
1494 2447 1699 2482 Hannibal.

1006 2501 1059 2531 10.
1098 2496 1286 2541 modestia]
1325 2495 1363 2529 111
1400 2494 1701 2530 verschiedenem

958 2543 1070 2579 Sinne
1095 2543 1156 2577 bei
1181 2543 1337 2576 militum
1364 2542 1437 2576 und
1464 2542 1523 2577 bei
1552 2542 1664 2576 ducis.

1008 2595 1060 2625 11.
1095 2590 1225 2634 prope]
1252 2589 1429 2630 Adverb.;
1463 2601 1489 2623 3.
1519 2593 1572 2633 19,
1601 2593 1631 2624 6.

1006 2641 1229 2681 compactum
1266 2636 1444 2682 primam]
1499 2636 1548 2671 ist
1590 2647 1701 2680 unge-

959 2684 1145 2719 wohnlich
1169 2684 1337 2729 gestellt3
1364 2684 1459 2718 doch
1480 2685 1564 2728 sagt
1584 2683 1623 2718 L.
1645 2694 1700 2718 so-

959 2732 1057 2766 wohl
1071 2743 1148 2766 vere
1163 2732 1284 2775 primo
1304 2731 1372 2765 wie
1387 2731 1510 2775 primo
1524 2742 1601 2765 vere
1627 2730 1700 2774 (21,

960 2785 979 2813 ὑ
1020 2784 1039 2813 5
1066 2791 1098 2813 u.
1121 2782 1177 2821 21,
1206 2781 1254 2820 6).

984 2808 992 2824 ⁷
1008 2829 1047 2860 ut
1072 2825 1236 2871 rebatur]
1263 2826 1396 2870 gehort
1425 2837 1468 2859 zu
1495 2825 1578 2859 dem
1604 2824 1701 2870 posi-

960 2873 1060 2909 tiven
1075 2872 1224 2918 Begriff,
1251 2873 1322 2908 den
1345 2873 1412 2907 wir
1430 2872 1469 2907 in
1490 2871 1701 2908 (1611161161-

1370 2935 1418 2966 3*
