1882 3163
130 128 158 146 a.
174 120 225 146 Ch.
240 121 300 145 217.

618 107 764 142 LIBER
788 106 902 141 XXII.
954 106 1057 141 CAP.
1086 110 1141 141 19.
1168 109 1224 141 20.
1643 103 1700 144 33

131 233 264 274 quam
309 219 476 259 suomet
521 216 604 270 ipsi
648 215 838 256 tumultu
881 214 1062 267 turbati,
1111 216 1324 267 temptata
1368 212 1510 255 verius
1554 226 1701 268 pugna

133 292 262 333 quam
307 277 417 318 inita
460 275 504 316 in
547 274 694 329 fugam
740 275 988 315 averterunt
1031 273 1224 314 classem.

132 336 271 378 amnis
311 350 358 377 os
397 335 486 376 lato
527 333 689 387 agmini
729 335 772 373 et
812 335 905 373 tum
937 332 1085 372 multis
1120 332 1247 372 simul
1278 331 1551 372 venientibus
1584 329 1701 372 haud

134 409 236 437 sane
268 394 472 435 intrabile
505 395 638 445 esset,
671 392 717 432 in
750 392 852 432 litus
887 390 1051 445 passim
1082 405 1213 432 naves
1241 392 1439 445 egerunt,
1472 392 1599 444 atque
1626 389 1701 431 alii

134 453 275 507 vadis,
313 452 387 494 alii
421 452 534 493 sicco
567 451 693 492 litore
726 450 910 504 excepti,
948 449 1106 503 partim
1139 449 1293 490 armati
1325 449 1484 503 partim
1516 449 1700 490 inermes

134 513 186 554 ad
218 513 476 554 instructam
502 524 579 564 per
611 510 714 550 litus
747 509 883 551 aciem
916 523 1089 550 suorum
1129 508 1372 562 perfugere,
1412 508 1519 548 duae
1552 510 1701 549 tamen

137 572 277 626 primo
299 584 509 612 concursu
529 571 678 623 captae
700 570 823 609 erant
837 568 1022 609 Punicae
1043 582 1188 621 naves,
1210 569 1413 621 quattuor
1433 581 1701 621 suppressae.

134 629 337 683 Romani,
381 642 643 683 quamquam
680 629 796 668 terra
836 627 1027 668 hostiurn
1072 629 1182 680 erat,
1227 628 1521 679 armatamque
1566 627 1701 667 aciem
1721 619 1771 654 20

134 691 227 731 toto
259 689 529 742 praetentam
560 687 605 727 in
638 686 765 728 litore
798 686 1048 739 cernebant,
1080 684 1197 726 haud
1230 686 1485 726 cunctanter
1517 684 1702 726 insecuti

132 747 344 802 trepidam
386 746 577 788 hostium
616 746 814 799 classem,
858 745 981 786 navis
1020 744 1178 798 omnis,
1223 758 1330 798 quae
1372 757 1459 784 non
1498 746 1572 784 aut
1609 758 1700 798 per·
1728 744 1748 774 2

134 807 356 860 fregerant
393 820 543 860 proras
575 804 693 846 litori
724 805 873 846 inlisas
907 807 980 845 aut
1012 804 1179 845 carinas
1213 803 1394 844 fixerant
1425 802 1565 856 vadis,
1606 803 1700 844 reli-

134 868 258 921 gatas
285 865 500 920 puppibus
527 864 572 904 in
602 864 738 904 altum
765 866 1002 916 extraxere,
1029 863 1082 904 ad
1108 863 1295 917 quinque
1322 865 1364 903 et
1389 861 1547 916 viginti
1571 876 1700 903 naves

131 939 153 965 e
186 924 477 979 quadraginta
509 937 668 977 cepere.

732 937 869 978 neque
907 922 950 963 id
991 921 1327 976 pulcherrimum
1367 920 1456 962 eius
1496 921 1701 962 victoriae
1729 923 1748 953 3

129 983 228 1037 fuit,
263 982 336 1024 sed
369 982 483 1037 quod
515 996 599 1023 una
630 982 714 1023 levi
740 995 885 1037 pugna
911 983 1004 1023 toto
1033 981 1122 1022 eius
1151 995 1250 1022 orae
1277 980 1386 1021 mari
1412 980 1541 1033 potiti
1568 982 1702 1022 erant.

130 1043 276 1096 itaque
297 1041 349 1083 ad
371 1041 562 1083 Onusam
583 1041 719 1082 classe
746 1040 946 1095 profect13
974 1040 1167 1082 escensio
1191 1041 1244 1081 ab
1266 1039 1448 1080 navibus
1471 1039 1516 1079 in
1542 1042 1703 1080 terram
1730 1041 1751 1071 4

129 1101 257 1142 facta.

320 1115 417 1142 cum
458 1100 608 1141 urbem
640 1100 682 1140 vi
718 1100 932 1153 cepissent
971 1102 1226 1154 captamque
1265 1098 1563 1152 diripuissent,
1603 1096 1703 1140 Car-

131 1160 358 1215 thaginem
396 1158 495 1200 inde
535 1161 704 1213 petunt,
749 1162 876 1213 atque
910 1164 1082 1200 omnem
1115 1172 1267 1213 agrum
1300 1157 1415 1198 circa
1453 1157 1703 1211 depopulati
1730 1160 1749 1191 5

131 1222 350 1273 postremo
390 1220 504 1259 tecta
542 1232 710 1273 quoque
748 1218 943 1259 iniuncta
980 1232 1103 1258 muro
1143 1217 1365 1271 portisque
1407 1216 1703 1258 incenderunt.

132 1278 230 1319 inde
262 1278 348 1318 iam
379 1277 538 1331 praeda
571 1277 715 1331 gravis
749 1277 802 1318 ad
834 1276 1153 1332 Longunticam
1191 1275 1389 1329 pervenit
1421 1275 1589 1330 classis,
1630 1276 1703 1318 ubi
1730 1280 1749 1309 6

133 1337 198 1378 vis
231 1349 390 1391 magna
423 1336 560 1391 sparti
598 1338 689 1377 erat
726 1335 779 1377 ad
810 1350 901 1377 rem
933 1336 1153 1377 nauticam
1185 1336 1394 1389 congesta
1427 1334 1481 1375 ab
1513 1333 1705 1376 Hasdru-

133 1396 240 1437 bale.
292 1394 406 1450 quod
432 1395 536 1436 satis
563 1395 608 1435 in
634 1410 760 1436 usum
788 1394 870 1436 fuit
895 1395 1066 1436 sublato
1100 1396 1288 1436 ceterum
1322 1407 1448 1434 omne
1480 1393 1704 1435 incensum

136 1457 212 1496 est.

141 1570 254 1605 steria
289 1569 543 1616 turbayerant.
584 1591 626 1595 —
659 1580 883 1614 suppressae,

136 1617 368 1652 rhetorische
396 1616 680 1662 Ubertreibung,
707 1618 755 1651 da
781 1617 882 1664 diese

137 1664 216 1700 vier
241 1665 338 1699 nach
364 1664 429 1699 der
454 1664 583 1706 Quelle
611 1665 761 1708 (Polyb)
786 1664 883 1699 bloss

136 1711 387 1746 Ruderb'anke
426 1712 500 1745 und
532 1711 772 1746 Mannschaft
803 1723 881 1746 ver-

135 1759 250 1794 loren.

185 1806 245 1849 20,
275 1810 376 1841 1—3.
415 1809 488 1841 toto
518 1806 560 1840 in
592 1807 664 1847 Ζῆς
702 1817 741 1840 so
768 1806 893 1840 sehon·

136 1853 199 1888 bei
225 1852 297 1888 Cic.
320 1853 421 1888 Verr.
442 1857 475 1896 4,
505 1859 534 1897 1,
565 1857 594 1887 1.
621 1857 642 1886 2
669 1854 751 1887 tota
770 1853 808 1887 in
829 1851 884 1886 Si-

138 1900 241 1943 cilia3
269 1903 327 1943 29,
350 1904 404 1943 14,
425 1903 446 1934 8
473 1899 511 1934 in
537 1901 564 1934 t.
593 1899 762 1941 civitate;
790 1901 883 1934 inse-

138 1948 230 1991 cuti,
267 1947 551 1990 συνεγγίσαντες
582 1947 625 1991 τῇ
659 1947 704 1990 γῇ
732 1946 811 1980 ΡΟΙ.
839 1966 883 1971 -

138 2004 266 2038 neque,
311 1994 385 2027 und
420 2021 425 2027 .
461 2021 467 2027 .
502 1994 598 2028 noch
641 1993 763 2036 nicht3
807 2004 885 2028 una

140 2042 225 2084 levi,
271 2040 606 2075 nachdrficklicher
650 2052 723 2074 una
766 2051 884 2084 eaque

138 2087 224 2131 levi,
244 2091 301 2129 26,
317 2090 373 2130 27,
388 2091 408 2121 5
424 2087 693 2131 entsprechend
715 2087 781 2121 der
794 2088 884 2122 Ver-

137 2135 306 2178 bindung
331 2145 403 2169 von
423 2134 560 2169 multus
581 2135 651 2169 mit
670 2134 790 2169 einem
809 2134 883 2169 Ad-

133 2182 273 2227 jektiv3
309 2192 336 2216 e.
369 2192 454 2216 orae
484 2182 597 2224 mari,
630 2182 695 2216 das
726 2181 884 2217 baleari-

139 2229 236 2264 sche.
265 2249 307 2254 —
329 2229 443 2273 potiti
468 2233 581 2264 erant.
609 2229 648 2263 L.
669 2229 736 2263 hat
756 2229 883 2263 diesen

139 2276 354 2318 Gedanken,
382 2276 446 2310 der
465 2276 526 2311 bei
546 2276 623 2311 Pol.
644 2276 708 2311 der
728 2277 884 2321 Angabe

138 2324 229 2358 iiber
260 2323 319 2358 die
352 2323 548 2358 eroberten
583 2322 719 2358 Schiffe
752 2334 883 2358 voran-

140 2371 241 2415 geht,
255 2381 315 2415 ‚an
342 2370 405 2404 das
426 2370 529 2404 Ende
550 2370 713 2415 gestellt,
742 2371 825 2405 weil
846 2382 885 2405 er

139 2419 211 2452 den
250 2409 450 2461 Ubergang
488 2429 531 2451 zu
572 2417 643 2452 den
686 2417 885 2462 folgenden

141 2477 205 2499 aus
226 2468 318 2499 rom.
340 2464 469 2505 Quelle
490 2467 726 2507 zugesetzten
748 2464 885 2509 Opera-

140 2513 268 2546 tionen
293 2511 422 2553 bildet,
451 2512 591 2545 welche
612 2511 705 2545 eben
726 2511 798 2545 den
819 2512 884 2545 Be-

142 2559 230 2593 weis
261 2558 412 2601 Referu,
450 2557 529 2592 dass
568 2558 627 2592 die
654 2558 788 2592 Romer
820 2558 886 2593 das

142 2605 244 2640 Meet
269 2605 521 2640 vollkommen
549 2605 824 2640 beherrschten.

190 2657 294 2687 4—6.
333 2653 454 2696 itaque
491 2655 552 2687 etc.
588 2653 690 2686 steht
720 2652 789 2686 mit
821 2651 886 2686 der

142 2699 453 2742 Polybianischen
469 2699 709 2743 Darstellung
723 2699 884 2733 insosern

142 2747 181 2780 in
195 2747 472 2790 Widerspruch,
493 2746 546 2781 als
565 2745 647 2780 hier
661 2746 745 2780 dem
761 2745 884 2790 Scipio

144 2793 203 2828 ein
259 2794 507 2837 Raubsystem
566 2793 886 2838 untergeschoben

144 2840 247 2884 wird,
267 2841 443 2875 wahrend
462 2840 579 2884 Polyb
599 2840 673 2874 und
694 2840 789 2874 nach
809 2839 886 2874 ihm

145 2887 238 2921 auch
264 2887 302 2921 L.
330 2891 387 2931 21,
408 2891 463 2930 60,
485 2891 516 2921 4.
545 2900 572 2923 c.
594 2891 651 2929 22,
678 2891 723 2922 20
749 2887 886 2932 gerade

217 2952 323 2977 Livius
345 2953 432 2978 13.22.

273 1469 353 1496 nec
386 1454 646 1496 continentis
679 1453 806 1496 modo
839 1455 1055 1508 praelecta
1087 1456 1152 1495 est
1184 1467 1278 1506 ora,
1318 1452 1393 1494 sed
1432 1452 1478 1493 in
1509 1451 1706 1495 Ebusum
1733 1456 1752 1486 7

957 1570 1016 1605 die
1054 1569 1256 1604 clementia
1294 1569 1430 1603 riihmt.
1458 1589 1501 1593 —
1531 1568 1705 1611 Onusam,

957 1629 1006 1652 an
1047 1617 1112 1652 der
1151 1615 1291 1651 Sti-asse
1330 1626 1402 1650 von
1440 1616 1705 1661 Neucarthago

957 1664 1053 1699 nach
1079 1664 1162 1698 dem
1190 1663 1300 1706 Ebro,
1326 1667 1384 1707 21,
1400 1666 1457 1706 22,
1472 1667 1504 1699 5.
1525 1683 1572 1688 —
1590 1674 1706 1698 escen-

956 1713 1030 1754 sio,
1081 1711 1141 1746 die
1191 1711 1338 1745 lockere
1384 1710 1706 1756 Satzverbindung

958 1759 1057 1793 wohl
1073 1759 1168 1793 nach
1183 1758 1247 1792 der
1259 1757 1552 1792 annalistischen
1563 1756 1705 1799 Quelle.

959 1826 1002 1830 —
1053 1806 1343 1850 Lonyunticam,
1394 1803 1706 1840 wahrscheinlich

958 1853 1080 1897 wenig
1118 1852 1266 1887 sudlich
1299 1862 1372 1886 von
1405 1850 1609 1896 Carthago,
1652 1864 1705 1887 wo

959 1900 1024 1934 der
1064 1904 1130 1934 100
1166 1899 1302 1934 Meilen
1342 1899 1453 1942 lange
1493 1898 1706 1942 Spartarius

958 1957 1113 1991 campus
1141 1946 1221 1980 sich
1247 1945 1469 1985 ausdehnte,
1497 1945 1591 1980 Plin.
1620 1947 1705 1981 Nat.

962 1998 1016 2035 19,
1043 1998 1075 2036 2,
1103 1997 1158 2028 30.
1206 1994 1339 2028 Strabo
1367 1997 1400 2035 3,
1431 1996 1508 2027 160.
1546 2013 1588 2018 —
1629 1998 1707 2029 erat

958 2040 1058 2085 paret
1082 2040 1163 2075 hier
1189 2041 1314 2075 bcsser
1340 2052 1383 2074 zu
1407 2040 1491 2081 ubi,·
1524 2040 1616 2074 wird
1643 2041 1707 2075 da-

959 2099 1079 2133 gegen
1100 2087 1165 2122 das
1187 2088 1288 2122 Verb
1315 2099 1381 2122 vor
1401 2088 1446 2121 ab
1467 2087 1606 2123 Hasdr.
1628 2088 1705 2123 ein-

957 2136 1186 2180 geschoben,
1221 2146 1261 2169 so
1295 2137 1470 2169 erwartet
1500 2146 1586 2170 man
1619 2147 1704 2179 quo,

957 2182 1027 2217 wie
1049 2186 1106 2227 21,
1121 2185 1178 2223 48,
1193 2187 1212 2217 9
1235 2193 1308 2226 quo
1329 2193 1506 2226 magnum
1527 2182 1705 2218 frumenti

957 2241 1151 2264 numerum
1204 2230 1487 2274 congesserant;
1537 2234 1706 2274 spartum

958 2277 1245 2321 Pfriemengras,
1269 2276 1430 2311 welches
1451 2278 1577 2321 spater
1598 2277 1705 2312 einen

958 2324 1217 2359 bedentenden
1232 2322 1533 2358 Ausfuhrartikel
1552 2324 1705 2360 bildete.

1007 2375 1110 2406 7-9.
1152 2372 1338 2416 praelecta
1369 2374 1419 2405 est
1450 2382 1535 2406 ora:
1574 2382 1704 2415 wegen

959 2419 1084 2464 legere
1110 2423 1166 2462 21,
1188 2423 1245 2460 51,
1269 2423 1299 2459 7,
1328 2419 1416 2452 tiber
1442 2428 1706 2462 prae=prae-

959 2467 1017 2500 ter
1043 2478 1087 2500 zu
1113 2470 1170 2509 21,
1199 2469 1254 2506 55,
1281 2468 1320 2499 9:
1347 2465 1408 2499 bei
1437 2469 1632 2508 praevecta
1656 2469 1707 2500 esc

959 2523 1072 2556 oram,
1089 2513 1157 2547 wie
1178 2512 1415 2556 gewohnlich
1435 2512 1586 2555 gelesen
1602 2511 1705 2556 wird‚

959 2562 1053 2594 stort
1079 2559 1138 2594 die
1166 2560 1388 2603 Erganzung
1421 2558 1484 2593 des
1512 2559 1601 2592 weit
1627 2562 1706 2594 ent—

959 2606 1103 2641 fernten
1129 2606 1278 2649 classis,
1306 2607 1402 2639 auch
1431 2605 1638 2649 gebraucht
1663 2607 1703 2640 L.

960 2653 997 2686 in
1035 2653 1172 2687 diesem
1212 2652 1322 2686 Sinne
1362 2664 1430 2686 nur
1472 2653 1706 2695 praetervehi

959 2704 1015 2740 21,
1042 2704 1099 2740 41,
1125 2704 1156 2734 3.
1185 2703 1241 2742 25,
1268 2703 1323 2741 27,
1348 2703 1400 2733 12.
1429 2703 1484 2741 26,
1506 2704 1562 2742 39,
1584 2704 1603 2733 2
1631 2700 1707 2734 und

959 2746 1023 2781 oft.
1066 2767 1106 2771 —
1147 2747 1335 2787 Ebusum,
1373 2749 1429 2787 28,
1463 2751 1518 2788 37,
1552 2752 1572 2781 3
1612 2747 1707 2782 auch

959 2794 1113 2837 Pityusa
1152 2796 1333 2837 genannt,
1374 2793 1442 2827 mit
1478 2794 1708 2838 Hauptstadt

959 2841 1132 2885 gleichen
1159 2840 1338 2882 Namens,
1372 2852 1443 2875 von
1479 2841 1549 2875 den
1572 2841 1708 2876 beiden

964 2886 1220 2922 balcarischen
1247 2887 1367 2921 Inseln
1394 2887 1544 2932 (maior,
1571 2889 1704 2932 minor)

1405 2950 1424 2980 3

1307 274 1348 314 et
1391 286 1488 314 cum
1534 271 1701 313 adversi
1731 283 1771 314 12
