1882 3163
120 122 147 141 a.
168 115 234 142 chr.
255 116 314 141 217.
625 105 771 140 LIBER
795 105 908 141 XXII.
961 107 1062 142 CAP.
1092 111 1146 143 16.
1177 111 1230 142 17.
1633 109 1690 150 29

122 214 289 270 gotium
309 214 469 268 datum,
489 216 537 255 ut
557 215 681 255 nocte
699 213 742 254 id
763 216 1006 255 armentum
1028 216 1217 256 accensis
1232 216 1433 257 cornibus
1454 216 1508 258 ad
1527 217 1688 259 montis

121 276 288 328 ageret,
320 273 528 326 maxime,
561 273 596 313 si
627 276 793 326 posset,
827 287 955 327 super
987 274 1122 315 saltus
1156 275 1209 316 ab
1243 274 1366 316 hoste
1397 275 1598 318 insessos.

241 332 398 374 Primis
430 332 620 373 tenebris
648 331 819 373 silentio
839 335 959 373 mota
983 334 1144 387 castra,
1177 334 1308 375 boves
1336 334 1558 389 aliquanto
1586 338 1686 377 ante
1713 339 1758 376 17

123 391 250 446 signa
283 391 378 433 acti.
440 390 514 432 ubi
547 390 599 432 ad
631 389 793 432 radices
826 391 1034 432 montium
1069 391 1244 446 viasque
1278 396 1485 448 angustas
1513 396 1688 436 ventum

122 454 207 504 est,
239 451 410 505 signum
443 449 657 503 extemplo
691 449 834 503 datur,
872 452 920 491 ut
952 450 1141 491 accensis
1175 451 1376 493 cornibus
1409 455 1605 494 arment-a
1642 454 1689 494 in
1716 465 1736 495 2

124 510 326 551 adversos
353 508 622 550 concitentur
653 509 825 550 montis.
877 511 919 549 et
950 511 1088 550 metus
1116 510 1207 563 ipse
1233 510 1463 552 relucentis
1489 512 1688 554 fiammae

117 582 145 608 a
187 569 326 624 capite
364 567 563 621 calorque
607 567 694 608 iam
735 568 787 608 ad
824 568 969 609 vivom
1010 568 1063 609 ad
1101 568 1271 622 imaque
1311 583 1473 610 cornua
1510 572 1687 613 veniens

120 628 238 669 velut
275 627 522 668 stimulatos
560 626 703 668 furore
748 627 906 682 agebat
944 627 1087 668 boves.
1150 642 1233 682 quo
1271 632 1447 681 repente
1492 629 1688 672 discursu

120 685 237 727 haud
269 700 389 727 secus
422 699 551 740 quam
584 685 705 726 silvis
737 686 1042 740 montibusque
1077 687 1268 728 accensis
1298 687 1443 728 omnia
1469 688 1581 729 circa
1608 689 1688 730 vir<
1713 700 1733 731 3

119 746 240 799 gulta
278 744 445 799 ardere3
485 744 757 799 capitumque
801 745 934 787 inrita
971 746 1191 799 quassatio
1238 745 1427 787 excitans
1472 747 1689 789 flammam

117 803 342 846 hominum
362 803 525 858 passim
553 803 859 845 discurentium
885 805 1070 859 speciem
1097 805 1344 858 praebebat.
1389 805 1462 860 qui
1493 805 1544 847 ad
1571 808 1688 848 tran-

118 863 250 905 situm
283 864 417 904 saltus
449 862 719 904 insidendum
750 863 882 904 locati
915 865 1054 917 erant,
1085 863 1158 905 ubi
1187 864 1233 904 in
1261 865 1440 906 summis
1467 865 1687 907 montibus
1714 877 1735 908 4

119 936 169 964 ac
203 937 328 977 super
361 937 404 963 se
437 921 644 977 quosdam
676 922 800 977 ignes
833 936 1110 977 conspexere,
1150 923 1466 966 circumventos
1508 938 1551 965 se
1595 939 1688 967 esse

119 982 204 1022 rati
230 981 442 1037 praesidio
470 995 704 1035 excessere,
737 996 821 1035 qua
845 981 1020 1023 minime
1047 981 1204 1023 densae
1231 982 1452 1024 micabant
1476 983 1689 1038 fiammae,

118 1041 237 1082 velut
273 1040 539 1082 tutissimum
579 1040 661 1081 iter
696 1042 892 1094 petentes
932 1055 1100 1082 summa
1138 1042 1352 1083 montium
1383 1042 1503 1097 iuga,
1541 1045 1689 1084 tamen

122 1099 168 1140 in
201 1099 408 1155 quosdam
440 1100 571 1141 boves
597 1099 768 1153 palatos
796 1114 821 1140 a
848 1100 935 1141 suis
963 1100 1169 1155 gregibus
1191 1100 1445 1142 inciderunt.
1485 1104 1528 1142 et
1546 1102 1687 1155 primo

118 1173 216 1200 cum
249 1159 397 1213 procul
429 1160 669 1211 cernerent,
700 1158 835 1199 veluti
868 1158 1064 1200 flammas
1096 1159 1355 1213 spirantium
1382 1160 1588 1202 miraculo
1616 1161 1687 1202 ad-

119 1218 251 1259 toniti
270 1218 578 1273 consisterunt3
611 1217 762 1258 deinde
788 1220 837 1259 ut
862 1217 1053 1259 humana
1080 1219 1282 1272 apparuit
1306 1220 1439 1273 fraus,
1465 1222 1558 1260 tum
1585 1234 1686 1261 vero
1714 1219 1735 1250 5

120 1276 298 1318 insidias
323 1277 404 1318 rati
437 1290 548 1329 esse,
580 1290 676 1317 cum
709 1276 870 1318 maiore
895 1278 1085 1318 tumultu
1118 1278 1336 1319 concitant
1368 1293 1413 1320 se
1446 1278 1492 1319 in
1524 1278 1687 1333 fugam.
1714 1279 1734 1309 6

120 1335 206 1377 levi
239 1350 406 1391 quoque
428 1338 669 1377 armaturae
688 1335 880 1377 hostium
901 1335 1137 1390 incurrere,
1171 1339 1362 1378 ceterum
1387 1351 1474 1379 nox
1501 1340 1686 1392 aequato

120 1395 274 1436 timore
300 1397 473 1436 neutros
498 1407 690 1449 pugnam
711 1394 956 1449 incipientis
978 1395 1031 1436 ad
1052 1395 1191 1436 lucem
1211 1396 1363 1437 tenuit.
1407 1396 1572 1437 interea
1592 1399 1686 1439 toto

120 1454 291 1510 agmine
322 1453 545 1495 Hannibal
576 1453 827 1495 transducto
859 1468 936 1508 per
969 1453 1128 1495 saltum
1162 1456 1204 1496 et
1236 1455 1492 1508 quibusdam
1520 1456 1565 1496 in
1591 1456 1685 1510 ipso
1715 1456 1734 1487 7

119 1513 234 1554 saltu
266 1513 455 1555 hostium
490 1513 705 1567 oppressis
737 1512 783 1554 in
816 1526 920 1568 agro
953 1513 1148 1555 Allifano
1182 1514 1330 1568 posuit
1363 1517 1516 1556 castra.

114 1653 178 1688 des
210 1653 557 1699 Verpflegungswes
560 1664 640 1695 ens;
685 1652 762 1687 Pol
796 1650 862 1686 τὸν

117 1698 179 1735 ἐπὶ
204 1701 277 1735 τῶν
302 1701 541 1745 λειτουργιῶν
561 1697 801 1745 τεταγμένον.
817 1720 861 1725 -

114 1748 155 1783 id
181 1752 382 1783 armentum
407 1748 494 1783 fallt
519 1747 600 1791 auf,
627 1748 674 1782 da
700 1758 738 1782 es
764 1747 861 1781 nach

113 1806 144 1830 c.
170 1799 224 1838 17,
251 1799 282 1830 2.
304 1799 326 1829 4
352 1795 519 1831 mehrere
544 1794 695 1830 Herden
721 1805 860 1837 waren3

115 1843 210 1877 auch
243 1853 315 1877 acc.
349 1843 519 1878 cornibus
558 1843 668 1884 stoi-t,
708 1842 756 1876 da,
781 1841 860 1875 dies

114 1891 190 1924 erst
216 1890 341 1934 spater
367 1891 541 1934 geschah,
568 1901 597 1924 c.
627 1892 681 1931 17,
708 1892 740 1922 2.

936 1652 1016 1687 tion
1042 1652 1105 1687 des
1138 1653 1275 1697 Berges
1307 1653 1489 1698 bezogen,
1522 1665 1561 1690 so
1593 1654 1688 1689 wird

936 1699 1016 1734 visa
1043 1700 1170 1734 ardere
1204 1701 1519 1745 vorgeschlagen,
1553 1701 1623 1737 wie
1653 1706 1687 1746 3,

936 1750 967 1789 5,
986 1750 1038 1781 14.
1060 1746 1158 1782 Cart.
1176 1751 1208 1791 3,
1225 1750 1257 1791 8,
1282 1751 1325 1782 18
1341 1748 1465 1783 omnia
1477 1748 1581 1783 velut
1601 1760 1686 1784 con-

933 1794 1069 1829 tinenti
1083 1794 1255 1829 incendia
1269 1794 1399 1830 ardere
1417 1795 1505 1830 visa.
1523 1816 1567 1821 —-
1579 1807 1685 1840 quas-

934 1842 1040 1883 satio,
1066 1853 1129 1875 um
1156 1841 1216 1876 die
1243 1841 1364 1876 Bfirde
1390 1842 1685 1878 abzuschiitteln.

982 1938 1087 1970 4-7.
1115 1935 1241 1977 locati,
1274 1936 1368 1970 nach
1396 1935 1473 1970 Pol.
1513 1936 1587 1970 und
1613 1937 1687 1982 Ap-

935 1982 1023 2026 pian
1050 1985 1143 2016 4000
1170 1982 1299 2025 Manu,
1327 1994 1357 2017 c.
1387 1986 1441 2026 15,
1463 1987 1496 2017 4.
1520 2004 1560 2010 -—
1577 1994 1686 2028 prae-

934 2029 1047 2072 sidio,
1087 2029 1151 2064 der
1183 2028 1337 2073 Posten,
1373 2033 1435 2073 21,
1476 2033 1540 2074 57,
1576 2034 1607 2065 8
1641 2051 1687 2057 -

934 2077 1100 2119 flammas
1132 2077 1373 2120 spirantium,
1416 2057 1482 2111 das
1519 2077 1685 2123 Particip

936 2122 1236 2167 substantiviert,
1271 2123 1553 2169 feuerspeiende
1579 2124 1686 2160 Tiere

935 2170 1004 2205 wie
1030 2169 1220 2214 Drachen3
1248 2170 1307 2205 ein
1333 2171 1566 2206 bestimmtes
1593 2171 1685 2206 Sub-

937 2217 1077 2252 stantiv
1114 2218 1165 2252 ist
1202 2217 1426 2253 absichtlich
1459 2219 1686 2263 vermieden,

936 2265 1004 2299 wie
1032 2269 1093 2307 21,
1135 2270 1196 2308 62,
1235 2269 1273 2307 ὃς
1313 2266 1490 2309 adtoniti,
1529 2266 1585 2301 oft
1616 2267 1688 2302 mit

936 2312 1114 2347 miraculo
1135 2312 1363 2355 verbunden,
1387 2313 1483 2348 auch
1509 2313 1580 2348 mit
1599 2314 1685 2349 reli-

935 2359 1063 2403 gione·
1092 2363 1129 2403 5,
1159 2363 1219 2403 14,
1248 2363 1268 2394 5
1294 2359 1370 2394 und
1396 2363 1460 2403 46,
1487 2364 1518 2395 3.
1547 2381 1590 2386 —
1618 2361 1687 2396 levi

936 2410 1165 2449 armaturae,
1197 2406 1338 2441 welche
1370 2407 1429 2442 die
1459 2407 1685 2453 Bedeckung

164 1983 222 2026 17,
260 1987 361 2019 1—3.
400 1994 472 2018 aec.
512 1982 699 2024 comibus,
737 1981 862 2017 kfihne

115 2030 327 2076 Hypallage
355 2030 449 2065 statt
474 2041 549 2065 acc.
576 2029 613 2063 in
645 2040 743 2064 corn.
773 2028 862 2064 faci-

116 2077 201 2120 bus;
228 2077 288 2113 bei
309 2077 371 2113 Sil.
393 2076 473 2111 Ital.
493 2081 523 2119 7,
543 2080 610 2111 333
625 2088 692 2121 gar
705 2087 862 2111 accensa

114 2124 316 2160 immittere
361 2124 463 2159 silvis
501 2125 678 2158 armenta.
725 2144 768 2148 —
813 2124 862 2158 ad

113 2172 267 2217 imaque,
289 2171 374 2207 weil
385 2171 508 2216 adque
522 2170 734 2205 vermieden
756 2170 860 2214 wird,

113 2223 146 2261 5,
172 2224 226 2263 19,
242 2223 274 2254 2.
302 2222 426 2263 37,31,
443 2223 461 2253 7
483 2219 531 2253 ad
552 2218 860 2262 traiciendasque.

118 2265 192 2302 Cic.
226 2266 332 2312 epist.
369 2270 428 2309 12,
464 2270 506 2301 17
543 2265 590 2300 ad
622 2267 754 2310 teque,
789 2265 861 2300 Ne-

116 2326 184 2360 pos
211 2318 272 2358 10,
298 2318 330 2349 4.
360 2317 419 2357 14,
453 2317 491 2357 7,
527 2317 543 2347 1
577 2313 625 2348 ad
650 2324 862 2358 regemque,

117 2362 204 2397 Tac.
232 2362 326 2396 Hist.
355 2365 393 2404 3,
421 2364 466 2396 50
502 2361 548 2395 ad
576 2360 785 2404 omniaque.
818 2380 863 2385 -

116 2410 291 2454 viryulta,
317 2408 376 2443 die
404 2419 432 2442 c.
457 2411 511 2451 16,
534 2412 552 2442 7
579 2418 651 2442 von
673 2407 743 2441 den
764 2407 862 2442 faces

119 2455 453 2492 unterschiedenen
473 2455 611 2498 virgae,
633 2454 773 2489 welche
788 2456 863 2489 erst

112 2503 211 2548 jetzt
224 2503 340 2537 durch
360 2502 420 2537 (116
435 2502 648 2545 Bewegung
669 2503 740 2544 (21,
755 2504 787 2543 8,
806 2503 863 2545 12)

115 2551 155 2585 in
176 2550 300 2585 Brand
325 2551 495 2595 geraten,
522 2552 578 2591 28,
606 2552 671 2591 22,
699 2552 718 2582 6
746 2528 863 2583 fa’sces

117 2597 376 2643 virgultorum,
395 2596 458 2631 Sil.
476 2595 558 2631 Ital.
583 2600 614 2638 7,
636 2599 716 2637 352,
737 2595 863 2629 Front

117 2645 200 2689 ipso
226 2646 330 2679 motu
356 2644 594 2679 adolescente
607 2623 782 2677 flamina.
805 2642 863 2677 die

116 2692 291 2736 Angabe,
325 2691 388 2726 der
422 2690 534 2726 Wald
562 2689 659 2724 habe
691 2688 863 2723 wirklich

117 2738 301 2784 gebrannt
339 2739 450 2783 (Plut.
483 2738 602 2781 Zon.,)
641 2736 762 2771 durfte
801 2735 867 2770 auf

118 2785 239 2821 einem
277 2785 638 2820 Miseverstandnisse
678 2794 750 2818 von
792 2778 861 2826 ὕλη

116 2831 291 2868 beruhen.
342 2833 449 2867 Wird
480 2832 527 2867 da
531 2842 668 2877 gwegen
704 2830 774 2865 wie
800 2841 861 2875 ge-

118 2879 326 2922 wchnlioh,
352 2879 517 2925 virgulta
540 2878 607 2913 auf
623 2878 682 2913 die
702 2877 862 2923 vegeta-

937 2453 1001 2488 der
1040 2453 1325 2488 Ochsentreiber
1361 2453 1520 2497 bildete,
1559 2457 1684 2499 λογχο-

937 2498 1049 2545 φόροι
1069 2500 1147 2535 Pol
1163 2505 1195 2545 3,
1211 2505 1267 2544 93,
1289 2504 1326 2543 9;
1353 2501 1549 2543 inemffuere
1570 2500 1684 2536 alicui

936 2548 1010 2582 und
1032 2547 1156 2582 ofter'
1146 2559 1183 2581 m
1204 2547 1317 2591 alqm,
1341 2548 1428 2591 alqd
1448 2549 1683 2592 gewohnlich

937 2594 1028 2629 iiber
1052 2606 1081 2628 e.
1103 2594 1295 2637 herfallen,
1323 2594 1526 2638 angreifen‚
1548 2598 1604 2638 28,
1628 2599 1682 2639 15,

937 2646 975 2684 3,
1020 2641 1101 2675 11161·
1146 2652 1218 2675 von
1262 2641 1579 2677 unabsichtlicher
1612 2642 1682 2677 Be-

936 2699 1111 2733 gegnung
1150 2699 1279 2732 wegcn
1324 2688 1388 2722 des
1427 2688 1515 2733 folg.
1558 2688 1683 2734 timor,

937 2747 999 2769 um
1026 2735 1095 2769 mit
1113 2734 1275 2769 incidere
1302 2738 1320 2776 ἕ
1342 2739 1362 2769 4
1389 2735 1680 2772 abzuwechseln.

936 2781 1112 2816 Derselbe
1138 2781 1369 2826 Doppelsinn
1394 2781 1456 2816 bei
1480 2793 1680 2820 occurrere.

937 2829 1119 2871 —tenuit,
1140 2831 1315 2873 utrosque
1335 2829 1389 2863 ita
1402 2831 1428 2864 t.
1443 2831 1485 2865 ut
1497 2831 1681 2875 proelium

937 2887 1009 2911 non
1034 2875 1251 2921 inciperent.
1290 2897 1331 2901 —
1371 2877 1541 2919 Allifano
1568 2889 1596 2913 c.
1626 2883 1680 2922 13,
