1882 3163
176 77 234 118 94
679 75 823 111 LIBER
847 76 962 114 XXII.
1013 77 1115 112 CAP.
1142 81 1197 113 61.

1582 95 1608 113 a.
1627 95 1655 114 u.
1675 89 1739 115 538.

129 196 148 226 2
175 198 334 240 magna
377 184 464 226 iam
509 199 676 226 summa
713 187 891 239 erogata
933 185 980 226 in
1024 199 1167 226 servos
1206 185 1259 226 ad
1297 185 1497 228 militiam
1535 187 1738 228 emendos

175 243 506 297 armandosque,
549 257 626 285 nec
658 242 949 285 Hannibalem
986 244 1169 285 maxime
1209 244 1384 285 huiusce
1421 244 1500 298 rei,
1543 247 1592 286 ut
1622 245 1739 287 fama

127 314 147 345 3
176 306 284 357 erat,
317 304 513 357 egentem
544 302 799 356 locupletari
823 302 1037 344 volebant.
1088 317 1183 344 cum
1208 302 1331 344 triste
1355 316 1621 357 responsum,
1652 318 1739 345 non

173 361 327 403 redimi
359 361 569 415 captivos,
601 360 816 403 redditum
849 363 962 403 esset
987 376 1208 416 novusque
1236 376 1362 415 super
1387 364 1573 403 veterem
1597 362 1737 403 luctus

123 785 143 815 5

102 1668 144 1698 10

173 422 240 462 tot
270 420 436 461 iactura
467 419 623 461 civium
655 419 845 461 adiectus
878 422 1007 474 esset,
1047 434 1143 462 cum
1176 421 1345 475 magnis
1376 420 1548 461 fletibus
1581 420 1739 475 questi-

125 490 147 521 4
172 479 329 532 busque
361 479 530 534 legatos
564 478 616 519 ad
647 481 818 532 portam
850 479 1065 534 prosecuti
1099 481 1207 520 sunt.
1263 493 1372 520 unus
1399 493 1450 520 ex
1478 479 1531 520 iis
1563 479 1738 520 domum

174 538 299 592 abiit,
332 537 446 591 quod
478 536 624 578 fallaci
655 537 793 579 reditu
825 538 870 579 in
902 541 1042 580 castra
1073 538 1165 579 iure
1194 537 1373 579 iurando
1401 552 1445 579 se
1473 538 1740 579 exsolvisset.

172 597 286 651 quod
318 596 392 638 ubi
423 596 612 638 innotuit
642 597 910 651 relatumque
944 597 996 638 ad
1035 599 1230 638 senatum
1264 599 1345 650 est,
1386 611 1533 638 omnes
1566 610 1738 638 censue-

169 658 271 697 runt
302 655 732 709 conprehendendum
759 658 801 696 et
827 656 1075 697 custodibus
1108 656 1278 711 publice
1305 655 1416 696 datis
1444 655 1737 696 deducendum

173 714 227 756 ad
258 714 552 756 Hannibalem
585 727 689 755 esse.

288 772 371 814 Est
402 775 445 814 et
477 772 561 813 alia
593 772 644 813 de
671 772 851 831 captivis
878 772 1010 814 fama:
1044 772 1187 814 decem
1212 773 1350 827 primo
1377 772 1564 825 venisse3
1598 772 1648 813 de
1676 772 1738 813 eis

171 847 267 874 cum
300 831 544 873 dubitatum
575 831 620 872 in
646 834 797 872 senatu
823 834 952 883 esset,
986 831 1314 872 admitterentur
1345 831 1389 872 in
1415 831 1564 872 urbem
1589 844 1738 885 necne,

123 903 143 934 6
169 891 231 932 ita
264 891 472 932 admissos
506 904 617 944 esse,
660 904 713 930 ne
751 892 898 931 tamen
934 890 988 931 iis
1028 891 1202 931 senatus
1236 890 1424 943 daretur,
1465 889 1736 931 morantibus

171 950 321 991 deinde
352 949 526 1004 longius
559 949 751 990 omnium
784 962 858 1001 spe
891 948 998 990 alios
1030 948 1108 989 tris
1140 948 1316 1001 insuper
1356 948 1522 1003 legatos
1555 948 1739 1002 venisse,

124 1020 143 1051 7
170 1009 216 1050 L.
250 1007 520 1050 Scribonium
552 1009 595 1048 et
627 1005 671 1049 G.
704 1006 984 1060 Calpurnium
1016 1009 1059 1047 et
1090 1006 1134 1048 L.
1167 1006 1394 1060 Manlium,
1434 1009 1528 1047 tum
1566 1007 1738 1048 demum

171 1068 224 1109 ab
270 1068 457 1122 cognato
505 1064 719 1107 Scribonii
761 1065 934 1107 tribuno
978 1065 1116 1120 plebis
1162 1065 1212 1106 de
1257 1065 1514 1106 redimendis
1559 1065 1739 1119 captivis

122 1137 143 1168 8
170 1126 354 1167 relatum
400 1138 511 1179 esse,
554 1138 632 1166 nec
677 1124 893 1166 censuisse
937 1124 1206 1165 redimendos
1252 1125 1466 1178 senatum3
1517 1126 1559 1165 et
1602 1137 1738 1165 novos

168 1185 337 1240 legatos
369 1184 447 1225 tris
487 1183 541 1224 ad
572 1182 862 1225 Hannibalem
899 1183 1144 1236 revertisse,
1187 1183 1330 1224 decem
1367 1184 1533 1224 veteres
1571 1196 1738 1224 reman-

170 1244 295 1298 sisse,
338 1242 451 1298 quod
482 1256 560 1296 per
592 1256 765 1283 causam
796 1242 1130 1297 recognoscendi
1168 1241 1345 1283 nomina
1384 1241 1652 1296 captivorum
1685 1240 1738 1282 ad

169 1302 463 1344 Hannibalem
496 1315 547 1342 ex
578 1301 733 1342 itinere
765 1301 949 1356 regressi
980 1301 1188 1356 religione
1221 1315 1312 1342 sese
1351 1300 1649 1353 exsolvissent3
1687 1299 1738 1341 de

169 1362 222 1403 iis
256 1360 459 1403 dedendis
492 1373 652 1414 magna
685 1360 960 1402 contentione
994 1363 1137 1401 actum
1169 1360 1214 1401 in
1247 1362 1398 1401 senatu
1431 1373 1541 1413 esse,
1582 1359 1738 1400 victos-

123 1432 142 1462 9
171 1434 252 1475 que
277 1420 424 1474 paucis
455 1419 700 1473 sententiis,
733 1419 805 1473 qui
832 1418 1044 1460 dedendos
1072 1418 1334 1473 censuerint3
1367 1420 1556 1459 ceterum
1582 1432 1735 1472 proxu-

170 1479 251 1520 mis
292 1478 541 1520 censoribus
582 1477 687 1519 adeo
733 1478 933 1519 omnibus
977 1479 1091 1519 notis
1135 1477 1471 1532 ignominiisque
1516 1475 1736 1518 confectos

171 1552 282 1592 esse,
314 1539 363 1579 ut
395 1536 569 1590 quidam
595 1550 743 1577 eorum
769 1539 952 1578 mortem
980 1536 1062 1577 sibi
1088 1536 1173 1590 ipsi
1199 1536 1412 1590 extemplo
1440 1535 1736 1589 consciverint,

170 1596 301 1638 ceteri
342 1610 431 1637 non
475 1594 571 1636 foro
617 1595 755 1636 solum
800 1596 915 1636 omni
960 1594 1109 1636 deinde
1148 1595 1237 1635 vita
1275 1594 1348 1635 sed
1385 1608 1518 1648 prope
1555 1593 1648 1634 luce
1688 1607 1736 1635 ac

170 1655 342 1709 publico
367 1653 591 1696 caruerint.
642 1653 790 1694 mirari
815 1654 954 1708 magis
981 1653 1085 1694 adeo
1113 1652 1354 1708 discrepare
1385 1653 1498 1693 inter
1530 1654 1737 1707 auctores,

172 1728 319 1768 quam,
353 1713 454 1768 quid
485 1712 573 1753 veri
608 1712 680 1765 sit,
713 1712 950 1753 discernere
982 1726 1125 1767 queas.

291 1772 462 1822 Quanto
485 1772 627 1812 autem
650 1771 788 1812 maior
814 1786 864 1812 ea
890 1771 1030 1812 clades
1058 1770 1348 1825 superioribus
1375 1769 1568 1810 cladibus
1594 1768 1737 1823 fuerit,

170 1923 245 1955 ren,
273 1915 329 1956 24,
355 1915 412 1954 45,
440 1915 472 1946 4.
500 1932 544 1936 —-
571 1911 785 1953 armandos,
819 1911 918 1945 wah-

170 1959 262 1994 rend
296 1959 361 1993 der
386 1959 523 1993 Romer
553 1958 613 1992 fiir
645 1957 744 1993 seine
772 1957 918 1992 Waffen

171 2006 288 2041 selbst
326 2007 461 2051 sorgte.
502 2026 545 2030 ——
584 2005 818 2049 locupletari,
858 2005 918 2039 ein

171 2052 385 2088 schwacher
423 2052 566 2094 Grund,
607 2053 654 2086 da
690 2052 810 2086 Hann.
851 2063 916 2086 aus

173 2100 257 2134 dem
272 2099 461 2134 Verkaufe
476 2099 541 2133 der
552 2098 795 2143 Gefangenen
812 2098 918 2132 nicht

171 2146 334 2190 weniger
360 2146 454 2180 Geld
480 2146 627 2188 erloste,
655 2156 683 2179 6.
712 2148 768 2188 57,
792 2149 846 2180 12.
871 2165 914 2169 -—

169 2193 331 2238 maynis,
367 2204 411 2226 zu
444 2196 500 2236 21,
527 2196 584 2235 43,
612 2196 643 2226 3.
672 2211 717 2216 —
742 2192 916 2233 innotuit,

172 2251 245 2274 von
273 2239 369 2274 Ovid
407 2239 483 2273 und
520 2239 558 2273 in
596 2238 916 2273 nachklassischer

169 2287 284 2321 Prosa
309 2285 528 2330 gebraucht.

219 2337 251 2368 5.
280 2337 310 2368 6.
337 2333 452 2376 fama,
477 2332 574 2366 nach
600 2335 684 2377 §.10
703 2330 773 2365 mit
791 2331 916 2375 Bezug

171 2380 238 2415 auf
261 2379 321 2414 die
346 2379 597 2414 litterarische
619 2377 914 2422 Uberlieferung,

171 2439 215 2461 zu
241 2430 300 2469 21,
329 2430 360 2469 1,
380 2430 416 2470 43
446 2426 505 2461 die
531 2425 704 2470 folgende
731 2425 914 2468 Relation,

171 2473 254 2508 eine
286 2473 530 2518 Verbindung
569 2473 632 2506 des
670 2471 730 2506 bei
768 2471 915 2516 Appian

175 2521 293 2555 Hann.
316 2524 360 2555 28
388 2520 606 2555 erhaltenen
626 2518 816 2554 Berichtes
842 2529 915 2552 von

173 2571 192 2601 3
221 2567 432 2602 Gesandten
457 2567 526 2601 mit
552 2567 636 2601 dem
663 2566 915 2601 bekannteren

172 2624 245 2648 von
273 2618 327 2657 10,
353 2614 403 2648 ist
428 2613 737 2648 wahrscheinlich
763 2612 823 2646 die
851 2612 914 2646 des

174 2660 338 2704 Coelius,
379 2661 444 2694 der
482 2661 565 2695 dem
604 2659 745 2694 Acilius
785 2659 913 2703 folgte.

174 2706 247 2742 Cic.
275 2707 319 2741 de
347 2707 442 2741 offic.
470 2711 503 2749 3,
532 2711 588 2750 32,
610 2710 687 2741 115.
716 2726 759 2731 —
781 2707 916 2750 primo,

172 2754 223 2787 im
250 2753 456 2799 Gegensatz
483 2765 526 2788 zu
551 2758 569 2796 ξ
597 2758 616 2787 6
645 2752 791 2796 deinde,
823 2752 914 2787 alios

173 2799 252 2833 tris.
265 2820 308 2825 —
321 2802 375 2835 ita
388 2813 457 2835 nur
471 2802 577 2835 unter
598 2800 662 2833 der
676 2800 914 2844 Bedingung3

173 2846 298 2881 tamen
338 2847 376 2881 in
416 2848 486 2882 den
517 2847 703 2882 Finalsatz
739 2856 914 2891 gezogen,

992 1912 1085 1945 statt
1110 1910 1291 1945 admissos
1318 1919 1416 1953 esse,
1442 1907 1497 1943 ita
1523 1908 1660 1952 tamen,
1686 1919 1732 1943 ne

991 1959 1060 1993 etc.
1107 1977 1150 1982 ——
1203 1956 1358 2001 longius,
1407 1955 1635 1990 namentlich
1678 1955 1730 1989 im

990 2003 1235 2048 Komparativ
1248 2003 1314 2037 hin
1333 2002 1409 2037 und
1423 2001 1560 2038 wieder
1579 2001 1619 2036 in
1638 2003 1733 2036 tem-

989 2051 1136 2096 poraler
1156 2050 1387 2095 Bedeutung.
1411 2070 1453 2074 —
1481 2049 1642 2093 insuper,
1668 2059 1731 2083 um

991 2098 1069 2132 sich
1096 2110 1140 2131 zu
1166 2097 1415 2141 fiberzeugen,
1453 2106 1528 2130 was
1568 2106 1634 2130 aus
1667 2095 1731 2129 der

990 2146 1112 2179 ersten
1138 2142 1427 2178 Gesandtschaft
1451 2141 1660 2186 geworden.

1037 2194 1164 2225 7—10.
1208 2193 1377 2234 coqnato,
1412 2188 1498 2223 weil
1537 2188 1632 2222 auch
1672 2188 1730 2222 die

987 2237 1116 2272 zweite
1151 2236 1380 2280 Abordnung
1409 2234 1516 2269 nicht
1546 2246 1613 2270 vor
1647 2235 1731 2269 dem

990 2285 1124 2319 Senate
1163 2283 1378 2327 zugelassen
1410 2281 1546 2316 wurde.
1574 2302 1617 2306 ——
1653 2283 1731 2325 tris,

987 2331 1057 2365 wie
1083 2334 1102 2372 ξ
1130 2334 1149 2365 6
1177 2330 1252 2364 und
1278 2341 1306 2366 6,
1334 2334 1366 2373 6,
1395 2333 1432 2371 1,
1465 2329 1560 2364 doch
1586 2341 1655 2363 nur
1679 2329 1731 2363 im

987 2378 1116 2412 Aecus.
1133 2398 1177 2402 —
1192 2388 1353 2421 causam,
1367 2376 1432 2410 der
1446 2375 1730 2420 vorgeschfitzte

990 2424 1129 2467 Grund,
1144 2422 1215 2469 πρό
1222 2436 1343 2468 φασις.
1357 2444 1400 2448 -
1416 2423 1656 2464 exsolvissent,
1673 2425 1730 2465 24,

991 2475 1045 2515 18,
1058 2475 1090 2506 5.
1106 2492 1149 2496 —
1165 2472 1262 2506 ‘notis
1283 2475 1345 2506 etc.
1366 2470 1483 2504 durch
1502 2469 1730 2512 Versetzung

988 2520 1097 2553 unter
1123 2518 1183 2552 die
1211 2517 1357 2560 aerarii,
1391 2515 1638 2559 Ausstofsung
1663 2526 1728 2550 aus

989 2565 1053 2600 der
1092 2565 1226 2599 Tribus
1269 2564 1344 2599 und
1389 2563 1620 2606 Entziehung
1664 2561 1728 2596 des

990 2612 1241 2647 Staatsrosses.
1269 2631 1313 2636 -
1339 2611 1418 2654 foro
1444 2620 1517 2644 car.
1557 2609 1643 2643 weil
1676 2608 1728 2643 sie

988 2659 1060 2693 den
1079 2658 1216 2693 Genuss
1239 2658 1302 2692 des
1318 2655 1728 2700 Aktivbfirgerrechtes‚

987 2717 1085 2740 nam.
1124 2706 1188 2740 des
1228 2703 1508 2739 Stimmrechtes
1546 2701 1724 2736 verloren.

988 2773 1029 2778 ———
1058 2753 1198 2793 deinde,
1225 2751 1283 2786 ein
1303 2749 1480 2795 Adjektiv
1503 2748 1727 2793 vertretend,

987 2799 1025 2833 in
1059 2799 1176 2833 ihrem
1214 2809 1355 2843 ganzen
1387 2796 1555 2831 ferneren
1581 2794 1725 2838 Leben;

988 2850 1044 2891 21,
1070 2849 1103 2890 8,
1130 2849 1162 2880 5.
1190 2865 1233 2870 —
1261 2845 1475 2888 discrepare,
1505 2853 1534 2876 6.
1562 2846 1618 2886 36,
1647 2845 1678 2876 5.
