1882 3163
212 114 268 156 32
736 116 883 151 LIBER
908 117 1022 153 XXII.
1067 116 1171 152 CAP.
1199 121 1252 152 19.

1620 137 1645 155 a..
1665 137 1694 158 u.
1714 131 1776 157 537.

210 223 446 265 culatoriae
478 224 739 277 praemissae
770 225 975 266 rettulere
1009 225 1190 267 classem
1215 224 1423 267 Punicam
1450 228 1564 268 stare
1589 228 1635 269 in
1661 230 1773 271 ostio

162 293 184 324 6
210 282 399 323 fluminis
433 279 658 337 castraque
691 283 736 323 in
767 283 859 337 ripa
891 284 1045 338 posita.
1103 285 1248 338 itaque
1275 287 1322 325 ut
1347 285 1598 338 inprovidos
1630 287 1773 329 incau-

139 1233 182 1265 10

139 1469 180 1499 11

209 344 359 395 tosque
393 341 590 383 universo
624 342 751 383 simul
783 341 916 384 effuso
956 345 1118 384 terrore
1157 343 1436 397 opprimeret,
1476 344 1660 386 sublatis
1700 360 1775 387 an-

209 400 318 440 coris
365 400 417 441 ad
462 400 631 441 hostem
674 400 802 442 vadit.
872 401 1030 443 multas
1070 403 1112 442 et
1150 402 1254 444 locis
1294 402 1393 443 altis
1433 404 1596 456 positas
1641 405 1771 446 turris

208 458 422 512 Hispania
454 459 598 513 habet,
631 460 787 514 quibus
821 462 863 500 et
897 461 1079 514 speculis
1112 462 1154 501 et
1192 462 1533 516 propugnaculis
1567 462 1773 504 adversus

209 517 398 558 latrones
418 520 608 559 utuntur.
660 519 756 560 inde
783 520 921 572 primo
945 520 1184 573 conspectis
1211 519 1400 561 hostium
1420 521 1604 562 navibus
1625 521 1774 563 datum

210 576 381 630 signum
413 576 677 618 Hasdrubali
711 581 793 632 est,
831 579 1124 632 tumultusque
1162 579 1280 632 prius
1320 579 1366 619 in
1396 582 1512 620 terra
1545 582 1587 621 et
1619 580 1772 622 castris

210 642 338 689 quam
370 635 424 676 ad
455 650 572 677 mare
605 639 647 677 et
679 636 732 678 ad
764 652 892 678 naves
925 640 991 678 est
1029 639 1168 690 ortus,
1206 637 1397 678 nondum
1438 641 1512 679 aut
1551 639 1679 692 pulsu
1710 654 1773 680 re-

209 708 378 735 morum
412 695 675 750 strepituque
709 696 792 737 alio
819 696 992 737 nautico
1020 696 1220 737 exaudito
1249 698 1323 737 aut
1350 697 1641 750 aperientibus
1667 698 1773 739 clas-

211 767 300 794 sem
332 754 658 809 promunturiis,
704 769 799 796 cum
843 757 1019 808 repente
1064 769 1192 809 eques
1232 755 1341 796 alius
1381 770 1508 809 super
1547 756 1678 798 alium
1718 757 1772 797 ab

209 811 482 853 Hasdrubale
514 813 671 854 missus
704 827 838 868 vagos
870 814 915 854 in
948 814 1074 855 litore
1100 814 1350 868 quietosque
1377 814 1420 855 in
1447 815 1646 856 tentoriis
1675 816 1774 869 suis,

207 870 317 911 nihil
357 871 498 912 minus
539 887 666 926 quam
710 872 881 914 hostem
924 874 998 913 aut
1041 872 1253 925 proelium
1298 887 1346 913 eo
1391 873 1457 914 die
1496 874 1774 928 expectantis,

209 930 489 971 conscendere
521 945 652 972 naves
684 945 864 985 propere
896 933 1025 985 atque
1068 945 1187 971 arma
1226 945 1376 984 capere
1416 932 1550 973 iubet:
1593 933 1773 974 classem

207 987 451 1029 Romanam
483 990 569 1030 iam
601 990 715 1031 haud
747 989 896 1044 procul
934 991 1062 1043 portu
1095 1003 1197 1030 esse.
1260 989 1366 1030 haec
1404 991 1567 1043 equites
1607 991 1773 1033 dimissi

207 1047 371 1100 passim
404 1048 687 1100 imperabant.
751 1063 850 1089 mox
881 1047 1127 1089 Hasdrubal
1166 1048 1257 1101 ipse
1295 1062 1392 1088 cum
1431 1049 1549 1090 omni
1582 1050 1771 1092 exercitu

209 1105 375 1160 aderat,
420 1107 623 1160 varioque
664 1107 807 1148 omnia
844 1107 1035 1147 tumultu
1075 1109 1272 1161 strepunt
1303 1107 1528 1148 ruentibus
1561 1106 1607 1148 in
1638 1123 1770 1151 naves

207 1164 336 1205 simul
369 1165 601 1219 remigibus
634 1166 930 1220 militibusque
971 1165 1229 1220 fugientium
1271 1166 1409 1220 magis
1443 1180 1465 1206 e
1498 1169 1613 1208 terra
1644 1181 1772 1222 quam

207 1222 250 1263 in
282 1237 474 1278 pugnam
507 1224 699 1265 euntium
725 1225 863 1266 modo.
915 1224 1090 1265 vixdum
1117 1238 1266 1265 omnes
1295 1225 1643 1280 conscenderant,
1677 1240 1774 1268 cum

208 1281 281 1322 alii
314 1283 515 1323 resolutis
549 1283 634 1324 oris
668 1284 713 1324 in
747 1298 926 1325 ancoras
960 1283 1215 1337 evehuntur,
1255 1283 1346 1337 alii,
1385 1298 1438 1324 ne
1478 1284 1579 1338 quid
1616 1287 1773 1341 teneat,

208 1341 426 1382 ancoralia
463 1341 674 1396 incidunt,
715 1343 957 1397 raptimque
997 1342 1142 1384 omnia
1186 1355 1234 1383 ac
1277 1356 1560 1396 praepropere
1606 1344 1772 1399 agendo

206 1399 391 1441 militum
426 1403 635 1455 apparatu
668 1402 843 1442 nautica
874 1401 1114 1442 ministeria
1146 1400 1441 1455 inpediuntur,
1484 1401 1773 1456 trepidatione

208 1460 440 1499 nautarum
485 1474 634 1513 capere
679 1462 722 1500 et
760 1462 906 1514 aptare
945 1475 1064 1501 arma
1107 1460 1229 1501 miles
1269 1460 1535 1514 prohibetur.
1603 1463 1646 1502 et
1686 1461 1774 1503 iam

207 1516 427 1559 Romanus
458 1533 547 1560 non
585 1518 960 1574 adpropinquabat
998 1518 1144 1572 modo,
1185 1518 1259 1560 sed
1299 1518 1520 1560 derexerat
1559 1520 1688 1561 etiam
1728 1520 1775 1561 in

205 1589 395 1630 pugnam
427 1591 570 1618 naves.
631 1577 776 1631 itaque
815 1574 921 1619 non'
941 1578 994 1619 ab
1034 1577 1160 1619 hoste
1194 1579 1237 1618 et
1270 1578 1434 1631 proelio
1468 1578 1605 1632 magis
1638 1578 1773 1620 Poeni

205 1726 331 1758 naves,
346 1715 415 1750 wie
430 1715 610 1759 oneraria,
626 1715 822 1760 liburnica,
837 1716 952 1751 celox.

207 1782 251 1787 —-
277 1763 392 1804 vadit,
419 1774 461 1797 zu
486 1767 542 1805 21,
565 1767 621 1806 36,
637 1768 667 1798 3.
690 1784 735 1788 ——
756 1765 871 1799 turris
890 1767 951 1799 etc.

206 1808 302 1843 fehlt
321 1808 383 1843 bei
401 1808 537 1854 Polyb;
564 1810 638 1854 vgl.
662 1810 804 1846 Plinius
818 1811 952 1845 Natur-

206 1855 330 1900 gesch.
352 1860 385 1900 2,
410 1860 494 1892 181:
522 1856 649 1891 multis
671 1858 741 1892 hoc
762 1857 953 1903 cognitum

207 1903 471 1947 experimentis
492 1903 530 1938 in
552 1904 678 1939 Africa
698 1905 954 1949 Hispaniaque

206 1949 366 1984 turrium
399 1950 638 1995 Hannibalis,
671 1951 710 1986 in
745 1952 835 1987 Asia
864 1963 953 1987 vero

205 1998 362 2041 propter
410 1997 586 2042 piraticos
637 2000 796 2034 terrores
840 1999 954 2033 simili

208 2043 442 2087 specularum
463 2045 626 2080 excitato
647 2045 843 2090 praesidio.
873 2045 951 2079 Liv.

209 2093 270 2133 21,
298 2094 360 2133 49,
391 2094 444 2125 10.
484 2095 546 2135 25,
580 2096 643 2136 36,
673 2096 715 2127 13
753 2092 828 2126 und
866 2092 952 2126 bell.

208 2136 313 2181 Hisp.
341 2141 373 2172 8.

259 2187 362 2218 7—9.
386 2185 518 2227 primo,
539 2196 605 2219 vor
624 2185 708 2219 dem
727 2184 953 2220 Landheere.

211 2251 255 2256 ——
283 2231 467 2274 exaudito,
494 2242 560 2265 aus
587 2231 652 2265 der
677 2231 810 2275 Ferne,
838 2235 871 2275 5,
898 2235 955 2275 52,

213 2280 256 2311 11
301 2277 499 2312 caelestem
550 2289 680 2313 vocem
725 2278 955 2321 exauditam3

212 2324 476 2367 aperientibus,
502 2324 647 2359 ln'ihner
673 2325 882 2368 Ausdruck,
908 2326 956 2360 da

210 2371 272 2405 die
299 2370 531 2416 Vorgebirge
563 2372 823 2416 unbeweglich
856 2372 953 2406 sind:

211 2418 344 2452 anders
371 2429 400 2452 c.
423 2422 456 2463 6,
476 2422 510 2453 9.
538 2439 581 2443 —
608 2429 710 2464 eques
735 2423 796 2454 etc.
824 2419 954 2454 Zusatz

211 2465 276 2499 des
307 2464 344 2498 L.
372 2465 443 2499 mit
473 2466 571 2500 iubet
602 2466 833 2510 verbunden,
870 2466 954 2501 weil

211 2511 276 2546 der
302 2511 475 2556 Singular
501 2512 617 2547 durch
647 2512 706 2548 die
732 2513 954 2558 Apposition

209 2560 343 2593 missus
376 2559 458 2593 eine
497 2559 622 2594 Stiitze
661 2559 830 2594 erhalten
869 2560 952 2602 hat;

205 2616 360 2650 propere
385 2605 423 2640 in
450 2606 509 2640 die
535 2605 642 2641 Mitte
668 2607 835 2652 gestellt,
869 2607 954 2642 weil

211 2663 255 2686 zu
288 2664 408 2687 consc.
441 2664 555 2688 naves
592 2654 667 2688 und
706 2666 750 2688 zu
787 2665 892 2689 arma
923 2665 952 2688 c.

211 2699 377 2744 geborig.
405 2719 448 2725 —
470 2702 619 2745 procul,
652 2701 692 2734 in
716 2701 830 2736 Prosa
855 2700 953 2735 wohl

210 2746 315 2780 nicht
346 2757 412 2781 vor
437 2746 474 2781 L.
502 2747 572 2781 mit
607 2747 763 2783 blossem
789 2748 953 2791 Ablativ,

212 2796 268 2835 21,
290 2797 321 2835 7,
343 2798 374 2837 6,
402 2793 491 2829 aber
517 2795 612 2829 auch
638 2795 707 2829 mit
732 2795 790 2839 ab,
817 2799 873 2839 21,
896 2798 952 2837 21,

213 2842 267 2872 11.
294 2859 339 2864 —-
360 2841 519 2884 passim,
551 2841 824 2886 allenthalben,
851 2845 869 2884 ἕ
898 2845 953 2884 12,

211 2884 267 2919 oft
305 2897 483 2931 synonym
526 2888 596 2923 mit
638 2888 748 2933 longe
792 2889 952 2932 lateque,

1026 1728 1123 1750 nam.
1138 1727 1230 1760 gern
1249 1715 1287 1750 in
1301 1715 1545 1761 Verbindung
1564 1716 1633 1751 mit
1649 1717 1772 1761 multi,

1026 1764 1126 1798 totus
1153 1775 1187 1797 u.
1216 1767 1247 1798 a.
1276 1775 1304 1798 c.
1335 1767 1389 1806 12,
1417 1766 1449 1798 8.
1477 1767 1533 1806 30,
1561 1767 1595 1806 5,
1622 1768 1653 1799 7.

1077 1814 1225 1853 10-,121
1266 1811 1359 1854 oris,
1397 1810 1468 1844 mit
1504 1810 1673 1846 welchen
1711 1810 1771 1846 die

1026 1857 1250 1892 Hinterteile
1296 1857 1360 1892 der
1405 1856 1542 1892 Schiffe
1586 1869 1646 1892 am
1684 1858 1774 1893 Ufer

1026 1904 1207 1949 befestigt
1230 1915 1371 1947 waren,
1411 1904 1492 1939 eine
1520 1915 1586 1939 aus
1613 1905 1678 1940 der
1702 1905 1773 1940 Re-

1027 1952 1177 1986 densart
1208 1962 1310 1986 oram
1340 1952 1544 1995 resolvere,
1577 1952 1610 1986 d.
1637 1951 1673 1986 h.
1708 1952 1773 1986 das

1027 1999 1106 2033 Tau
1132 2009 1218 2033 vom
1241 1999 1334 2045 Eser
1366 1997 1536 2043 ablosen,
1572 1999 1773 2044 hervorge-

1028 2056 1197 2090 gangene
1235 2039 1519 2090 Ubertragung3
1565 2045 1772 2091 Gegensatz

1027 2093 1236 2134 ancoralia,
1264 2096 1327 2134 28,
1355 2096 1416 2135 36,
1444 2096 1505 2135 11,
1541 2091 1681 2126 welche
1706 2093 1772 2127 das

1028 2138 1239 2172 Vorderteil
1265 2138 1333 2172 mit
1359 2139 1443 2172 dem
1468 2138 1593 2172 Anker
1625 2138 1771 2172 verbin-

1029 2185 1110 2219 den.
1145 2205 1188 2209 -
1220 2185 1261 2219 in
1292 2195 1325 2218 a.
1358 2185 1573 2227 evehuntur,
1611 2184 1677 2219 auf
1711 2185 1771 2220 die

1029 2231 1155 2265 Anker
1181 2231 1398 2274 losstfirzen‚
1425 2242 1487 2264 um
1508 2231 1560 2265 sie
1585 2243 1629 2265 zu
1654 2231 1770 2276 losen,

1029 2288 1208 2322 synonym
1233 2289 1338 2313 ruere
1363 2281 1382 2319 ξ
1404 2281 1435 2320 9,
1463 2277 1679 2313 bezeichnet
1704 2279 1769 2313 das

1028 2324 1294 2369 ngeregeste,
1327 2324 1580 2369 Um‘iberlegte
1613 2324 1676 2359 der
1701 2325 1770 2360 Be-

1028 2382 1204 2416 wegung,
1238 2371 1285 2406 da
1310 2371 1446 2406 andere
1473 2370 1594 2406 dieser
1616 2371 1770 2407 Absicht

1029 2418 1145 2452 durch
1165 2419 1231 2452 das
1255 2418 1416 2453 incidere
1436 2418 1771 2463 zuvorgekommen

1029 2465 1127 2508 sind;
1149 2465 1263 2500 daher
1277 2464 1332 2499 oft
1350 2466 1419 2499 mit
1437 2466 1587 2507 temere,
1608 2465 1769 2510 incaute,

1026 2512 1235 2547 inconsulte
1261 2512 1485 2555 verbunden,
1513 2523 1542 2546 c.
1569 2515 1626 2555 43,
1655 2516 1684 2546 1.
1712 2516 1768 2556 45,

1028 2563 1059 2594 3.
1087 2563 1144 2603 29,
1171 2563 1227 2601 34,
1255 2563 1308 2594 12.
1337 2579 1380 2584 -—
1407 2562 1610 2602 apparatu,
1642 2559 1770 2594 verbal

1029 2618 1066 2641 se
1092 2616 1223 2651 parare
1243 2606 1332 2640 oder
1357 2605 1479 2650 parari
1499 2617 1581 2639 zum
1599 2604 1767 2650 Kampfie,

1027 2657 1084 2696 21,
1116 2656 1174 2696 53,
1201 2657 1219 2687 7
1230 2667 1237 2695 ς
1271 2654 1420 2697 paratus
1457 2652 1667 2687 vermieden
1701 2653 1767 2688 wie

1027 2704 1083 2743 21,
1111 2704 1142 2743 3,
1171 2704 1192 2734 4
1218 2699 1378 2734 miratio.
1411 2719 1453 2724 —
1487 2702 1616 2743 aptare
1652 2711 1767 2744 arma,

1027 2758 1056 2782 c.
1098 2751 1130 2789 5,
1170 2750 1200 2781 3.
1241 2767 1284 2772 -—
1322 2747 1524 2788 derexerat,
1562 2757 1590 2780 c.
1628 2749 1768 2791 43,11.

1026 2798 1083 2838 45,
1110 2797 1143 2837 4,
1176 2806 1219 2828 zu
1251 2797 1305 2836 21,
1332 2797 1387 2836 47,
1415 2797 1446 2828 8.
1475 2812 1518 2818 -—
1543 2803 1618 2828 ‘non
1651 2795 1769 2839 mayis

1027 2868 1034 2875 .
1063 2868 1069 2875 .
1097 2852 1223 2885 quam,
1256 2851 1284 2875 c.
1315 2843 1368 2883 12,
1397 2843 1456 2882 11;
1483 2840 1641 2882 turbati,
1668 2840 1768 2876 Curt.

1027 2891 1058 2930 7,
1081 2891 1113 2931 9,
1135 2888 1209 2932 (36)
1230 2892 1250 2922 6
1271 2887 1407 2922 milites
1433 2888 1632 2921 nautarum
1658 2887 1765 2922 mini-
