<?xml version="1.0" encoding="UTF-8"?>
<!DOCTYPE html PUBLIC "-//W3C//DTD XHTML 1.0 Transitional//EN"
    "http://www.w3.org/TR/xhtml1/DTD/xhtml1-transitional.dtd">
<html xmlns="http://www.w3.org/1999/xhtml" xml:lang="en" lang="en">
 <head>
  <title>
</title>
<meta http-equiv="Content-Type" content="text/html;charset=utf-8" />
  <meta name='ocr-system' content='tesseract 3.04.00' />
  <meta name='ocr-capabilities' content='ocr_page ocr_carea ocr_par ocr_line ocrx_word'/>
</head>
<body>
  <div class='ocr_page' id='page_1' title='image "./aburbeconditalib21livyuoft/aburbeconditalib21livyuoft_0366.png"; bbox 0 0 1882 3163; ppageno 0'>
   <div class='ocr_carea' id='block_1_1' title="bbox 215 88 1259 131">
    <p class='ocr_par' dir='ltr' id='par_1_1' title="bbox 215 88 1259 131">
     <span class='ocr_line' id='line_1_1' title="bbox 215 88 1259 131; baseline 0.006 -13"><span class='ocrx_word' id='word_1_1' title='bbox 215 90 271 131; x_wconf 75' lang='lat'>90</span> <span class='ocrx_word' id='word_1_2' title='bbox 721 89 867 124; x_wconf 82' lang='lat' dir='ltr'>LIBER</span> <span class='ocrx_word' id='word_1_3' title='bbox 891 88 1023 124; x_wconf 78' lang='lat' dir='ltr'>xxm.</span> <span class='ocrx_word' id='word_1_4' title='bbox 1075 89 1177 125; x_wconf 83' lang='lat' dir='ltr'>CAP.</span> <span class='ocrx_word' id='word_1_5' title='bbox 1204 94 1259 125; x_wconf 85' lang='lat'>46.</span> 
     </span>
    </p>
   </div>
   <div class='ocr_carea' id='block_1_2' title="bbox 1617 101 1771 128">
    <p class='ocr_par' dir='ltr' id='par_1_2' title="bbox 1617 101 1771 128">
     <span class='ocr_line' id='line_1_2' title="bbox 1617 101 1771 128; baseline 0.013 -3"><span class='ocrx_word' id='word_1_6' title='bbox 1617 108 1642 126; x_wconf 90' lang='lat' dir='ltr'>a.</span> <span class='ocrx_word' id='word_1_7' title='bbox 1662 108 1690 127; x_wconf 87' lang='lat' dir='ltr'>u.</span> <span class='ocrx_word' id='word_1_8' title='bbox 1709 101 1771 128; x_wconf 84' lang='lat'>539.</span> 
     </span>
    </p>
   </div>
   <div class='ocr_carea' id='block_1_3' title="bbox 168 198 1769 962">
    <p class='ocr_par' dir='ltr' id='par_1_3' title="bbox 172 198 1769 372">
     <span class='ocr_line' id='line_1_3' title="bbox 172 198 1769 254; baseline 0.002 -15"><span class='ocrx_word' id='word_1_9' title='bbox 172 208 192 239; x_wconf 85' lang='lat'><strong>3</strong></span> <span class='ocrx_word' id='word_1_10' title='bbox 214 198 421 240; x_wconf 88' lang='lat' dir='ltr'>dederunt</span> <span class='ocrx_word' id='word_1_11' title='bbox 458 200 584 253; x_wconf 90' lang='lat' dir='ltr'>atque</span> <span class='ocrx_word' id='word_1_12' title='bbox 622 198 667 239; x_wconf 89' lang='lat' dir='ltr'>in</span> <span class='ocrx_word' id='word_1_13' title='bbox 705 201 845 240; x_wconf 85' lang='lat' dir='ltr'>castra</span> <span class='ocrx_word' id='word_1_14' title='bbox 883 199 1078 253; x_wconf 89' lang='lat' dir='ltr'>conpulsi</span> <span class='ocrx_word' id='word_1_15' title='bbox 1117 201 1228 240; x_wconf 88' lang='lat' dir='ltr'>sunt.</span> <span class='ocrx_word' id='word_1_16' title='bbox 1280 213 1386 253; x_wconf 86' lang='lat' dir='ltr'>quae</span> <span class='ocrx_word' id='word_1_17' title='bbox 1419 213 1666 254; x_wconf 80' lang='lat' dir='ltr'>oppugnare</span> <span class='ocrx_word' id='word_1_18' title='bbox 1700 215 1769 242; x_wconf 87' lang='lat' dir='ltr'>cu-</span> 
     </span>
     <span class='ocr_line' id='line_1_4' title="bbox 213 257 1766 314; baseline 0.002 -16"><span class='ocrx_word' id='word_1_19' title='bbox 213 258 369 312; x_wconf 87' lang='lat' dir='ltr'>pientis</span> <span class='ocrx_word' id='word_1_20' title='bbox 400 257 559 299; x_wconf 89' lang='lat' dir='ltr'>milites</span> <span class='ocrx_word' id='word_1_21' title='bbox 591 257 809 299; x_wconf 84' lang='lat' dir='ltr'>Romanos</span> <span class='ocrx_word' id='word_1_22' title='bbox 843 257 1068 299; x_wconf 83' lang='lat' dir='ltr'>Marcellus</span> <span class='ocrx_word' id='word_1_23' title='bbox 1100 257 1256 299; x_wconf 89' lang='lat' dir='ltr'>Nolam</span> <span class='ocrx_word' id='word_1_24' title='bbox 1288 258 1456 299; x_wconf 79' lang='lat' dir='ltr'>reduxit</span> <span class='ocrx_word' id='word_1_25' title='bbox 1488 273 1582 300; x_wconf 89' lang='lat' dir='ltr'>cum</span> <span class='ocrx_word' id='word_1_26' title='bbox 1609 273 1766 314; x_wconf 85' lang='lat' dir='ltr'>magno</span> 
     </span>
     <span class='ocr_line' id='line_1_5' title="bbox 213 316 1768 372; baseline 0.001 -15"><span class='ocrx_word' id='word_1_27' title='bbox 213 316 370 371; x_wconf 82' lang='lat' dir='ltr'>gaudio</span> <span class='ocrx_word' id='word_1_28' title='bbox 404 321 445 357; x_wconf 88' lang='lat' dir='ltr'>et</span> <span class='ocrx_word' id='word_1_29' title='bbox 477 317 768 371; x_wconf 78' lang='lat' dir='ltr'>gratulatione</span> <span class='ocrx_word' id='word_1_30' title='bbox 801 317 930 358; x_wconf 87' lang='lat' dir='ltr'>etiam</span> <span class='ocrx_word' id='word_1_31' title='bbox 962 317 1117 372; x_wconf 88' lang='lat' dir='ltr'>plebis,</span> <span class='ocrx_word' id='word_1_32' title='bbox 1156 331 1262 371; x_wconf 89' lang='lat' dir='ltr'>quae</span> <span class='ocrx_word' id='word_1_33' title='bbox 1305 320 1403 358; x_wconf 88' lang='lat' dir='ltr'>ante</span> <span class='ocrx_word' id='word_1_34' title='bbox 1436 317 1683 359; x_wconf 71' lang='lat' dir='ltr'>inclinatior</span> <span class='ocrx_word' id='word_1_35' title='bbox 1715 318 1768 359; x_wconf 91' lang='lat' dir='ltr'>ad</span> 
     </span>
    </p>

    <p class='ocr_par' dir='ltr' id='par_1_4' title="bbox 171 375 1767 549">
     <span class='ocr_line' id='line_1_6' title="bbox 171 375 1767 431; baseline 0.002 -16"><span class='ocrx_word' id='word_1_36' title='bbox 171 385 192 415; x_wconf 83' lang='lat'>4</span> <span class='ocrx_word' id='word_1_37' title='bbox 213 376 377 418; x_wconf 86' lang='lat' dir='ltr'>Poenos</span> <span class='ocrx_word' id='word_1_38' title='bbox 409 375 559 423; x_wconf 85' lang='lat' dir='ltr'>fuerat.</span> <span class='ocrx_word' id='word_1_39' title='bbox 609 376 798 417; x_wconf 86' lang='lat' dir='ltr'>hostium</span> <span class='ocrx_word' id='word_1_40' title='bbox 830 376 927 431; x_wconf 88' lang='lat' dir='ltr'>plus</span> <span class='ocrx_word' id='word_1_41' title='bbox 961 377 1146 430; x_wconf 89' lang='lat' dir='ltr'>quinque</span> <span class='ocrx_word' id='word_1_42' title='bbox 1177 376 1297 417; x_wconf 88' lang='lat' dir='ltr'>milia</span> <span class='ocrx_word' id='word_1_43' title='bbox 1329 391 1452 417; x_wconf 87' lang='lat' dir='ltr'>caesa</span> <span class='ocrx_word' id='word_1_44' title='bbox 1485 391 1532 418; x_wconf 90' lang='lat' dir='ltr'>eo</span> <span class='ocrx_word' id='word_1_45' title='bbox 1566 377 1650 430; x_wconf 90' lang='lat' dir='ltr'>die,</span> <span class='ocrx_word' id='word_1_46' title='bbox 1682 377 1767 418; x_wconf 84' lang='lat' dir='ltr'>vivi</span> 
     </span>
     <span class='ocr_line' id='line_1_7' title="bbox 213 435 1767 490; baseline 0.001 -14"><span class='ocrx_word' id='word_1_47' title='bbox 213 435 327 488; x_wconf 87' lang='lat' dir='ltr'>capti</span> <span class='ocrx_word' id='word_1_48' title='bbox 359 435 540 476; x_wconf 88' lang='lat' dir='ltr'>sescenti</span> <span class='ocrx_word' id='word_1_49' title='bbox 572 438 613 476; x_wconf 91' lang='lat' dir='ltr'>et</span> <span class='ocrx_word' id='word_1_50' title='bbox 647 436 769 489; x_wconf 83' lang='lat' dir='ltr'>signa</span> <span class='ocrx_word' id='word_1_51' title='bbox 801 435 1004 477; x_wconf 88' lang='lat' dir='ltr'>militaria</span> <span class='ocrx_word' id='word_1_52' title='bbox 1036 435 1304 490; x_wconf 79' lang='lat' dir='ltr'>undeviginti</span> <span class='ocrx_word' id='word_1_53' title='bbox 1343 438 1385 476; x_wconf 86' lang='lat' dir='ltr'>et</span> <span class='ocrx_word' id='word_1_54' title='bbox 1423 435 1504 477; x_wconf 90' lang='lat' dir='ltr'>duo</span> <span class='ocrx_word' id='word_1_55' title='bbox 1539 435 1767 490; x_wconf 71' lang='lat' dir='ltr'>elephanti,</span> 
     </span>
     <span class='ocr_line' id='line_1_8' title="bbox 212 494 1766 549; baseline 0.002 -15"><span class='ocrx_word' id='word_1_56' title='bbox 212 496 416 548; x_wconf 87' lang='lat' dir='ltr'>quattuor</span> <span class='ocrx_word' id='word_1_57' title='bbox 457 494 502 535; x_wconf 88' lang='lat' dir='ltr'>in</span> <span class='ocrx_word' id='word_1_58' title='bbox 540 495 628 535; x_wconf 89' lang='lat' dir='ltr'>acie</span> <span class='ocrx_word' id='word_1_59' title='bbox 667 494 812 549; x_wconf 76' lang='lat' dir='ltr'>occis13</span> <span class='ocrx_word' id='word_1_60' title='bbox 857 494 1147 536; x_wconf 81' lang='lat' dir='ltr'>Romanorum</span> <span class='ocrx_word' id='word_1_61' title='bbox 1192 495 1331 535; x_wconf 88' lang='lat' dir='ltr'>minus</span> <span class='ocrx_word' id='word_1_62' title='bbox 1376 495 1492 536; x_wconf 89' lang='lat' dir='ltr'>mille</span> <span class='ocrx_word' id='word_1_63' title='bbox 1538 495 1766 538; x_wconf 75' lang='lat' dir='ltr'>interfecti.</span> 
     </span>
    </p>

    <p class='ocr_par' dir='ltr' id='par_1_5' title="bbox 169 553 1765 608">
     <span class='ocr_line' id='line_1_9' title="bbox 169 553 1765 608; baseline 0.001 -14"><span class='ocrx_word' id='word_1_64' title='bbox 169 555 431 607; x_wconf 81' lang='lat' dir='ltr'>5posterum</span> <span class='ocrx_word' id='word_1_65' title='bbox 464 553 574 595; x_wconf 88' lang='lat' dir='ltr'>diem</span> <span class='ocrx_word' id='word_1_66' title='bbox 606 553 782 595; x_wconf 82' lang='lat' dir='ltr'>indutiis</span> <span class='ocrx_word' id='word_1_67' title='bbox 822 553 964 595; x_wconf 88' lang='lat' dir='ltr'>tacitis</span> <span class='ocrx_word' id='word_1_68' title='bbox 1004 553 1245 608; x_wconf 90' lang='lat' dir='ltr'>sepeliendo</span> <span class='ocrx_word' id='word_1_69' title='bbox 1285 553 1499 608; x_wconf 73' lang='lat' dir='ltr'>utrimque</span> <span class='ocrx_word' id='word_1_70' title='bbox 1537 568 1682 596; x_wconf 88' lang='lat' dir='ltr'>caesos</span> <span class='ocrx_word' id='word_1_71' title='bbox 1721 554 1765 596; x_wconf 89' lang='lat' dir='ltr'>in</span> 
     </span>
    </p>

    <p class='ocr_par' dir='ltr' id='par_1_6' title="bbox 170 612 1767 845">
     <span class='ocr_line' id='line_1_10' title="bbox 170 612 1767 667; baseline 0.001 -14"><span class='ocrx_word' id='word_1_72' title='bbox 170 622 189 653; x_wconf 88' lang='lat'>6</span> <span class='ocrx_word' id='word_1_73' title='bbox 214 613 301 653; x_wconf 87' lang='lat' dir='ltr'>acie</span> <span class='ocrx_word' id='word_1_74' title='bbox 329 615 695 667; x_wconf 88' lang='lat' dir='ltr'>consumpserunt.</span> <span class='ocrx_word' id='word_1_75' title='bbox 741 613 879 667; x_wconf 88' lang='lat' dir='ltr'>spolia</span> <span class='ocrx_word' id='word_1_76' title='bbox 903 612 1092 654; x_wconf 87' lang='lat' dir='ltr'>hostium</span> <span class='ocrx_word' id='word_1_77' title='bbox 1120 612 1359 666; x_wconf 79' lang='lat' dir='ltr'>Marcellus,</span> <span class='ocrx_word' id='word_1_78' title='bbox 1387 612 1579 655; x_wconf 85' lang='lat' dir='ltr'>Vulcano</span> <span class='ocrx_word' id='word_1_79' title='bbox 1607 616 1767 667; x_wconf 87' lang='lat' dir='ltr'>votum,</span> 
     </span>
     <span class='ocr_line' id='line_1_11' title="bbox 211 671 1766 727; baseline 0.001 -15"><span class='ocrx_word' id='word_1_80' title='bbox 211 672 427 713; x_wconf 88' lang='lat' dir='ltr'>cremavit.</span> <span class='ocrx_word' id='word_1_81' title='bbox 477 672 605 713; x_wconf 86' lang='lat' dir='ltr'>tertio</span> <span class='ocrx_word' id='word_1_82' title='bbox 638 674 737 727; x_wconf 91' lang='lat' dir='ltr'>post</span> <span class='ocrx_word' id='word_1_83' title='bbox 769 672 833 713; x_wconf 90' lang='lat' dir='ltr'>die</span> <span class='ocrx_word' id='word_1_84' title='bbox 864 695 913 701; x_wconf 90' lang='lat'>—</span> <span class='ocrx_word' id='word_1_85' title='bbox 943 673 996 713; x_wconf 91' lang='lat' dir='ltr'>ob</span> <span class='ocrx_word' id='word_1_86' title='bbox 1024 673 1144 725; x_wconf 86' lang='lat' dir='ltr'>iram,</span> <span class='ocrx_word' id='word_1_87' title='bbox 1171 672 1306 726; x_wconf 85' lang='lat' dir='ltr'>credo,</span> <span class='ocrx_word' id='word_1_88' title='bbox 1334 671 1521 726; x_wconf 87' lang='lat' dir='ltr'>aliquam</span> <span class='ocrx_word' id='word_1_89' title='bbox 1548 676 1621 713; x_wconf 86' lang='lat' dir='ltr'>aut</span> <span class='ocrx_word' id='word_1_90' title='bbox 1648 687 1766 727; x_wconf 88' lang='lat' dir='ltr'>spem</span> 
     </span>
     <span class='ocr_line' id='line_1_12' title="bbox 208 730 1765 786; baseline 0.001 -15"><span class='ocrx_word' id='word_1_91' title='bbox 208 730 462 773; x_wconf 79' lang='lat' dir='ltr'>liberalioris</span> <span class='ocrx_word' id='word_1_92' title='bbox 496 731 673 772; x_wconf 89' lang='lat' dir='ltr'>militiae</span> <span class='ocrx_word' id='word_1_93' title='bbox 706 755 762 761; x_wconf 91' lang='lat'>——</span> <span class='ocrx_word' id='word_1_94' title='bbox 795 731 963 772; x_wconf 84' lang='lat' dir='ltr'>ducenti</span> <span class='ocrx_word' id='word_1_95' title='bbox 997 732 1269 785; x_wconf 82' lang='lat' dir='ltr'>septuaginta</span> <span class='ocrx_word' id='word_1_96' title='bbox 1309 731 1389 772; x_wconf 90' lang='lat' dir='ltr'>duo</span> <span class='ocrx_word' id='word_1_97' title='bbox 1431 732 1608 786; x_wconf 79' lang='lat' dir='ltr'>equites,</span> <span class='ocrx_word' id='word_1_98' title='bbox 1641 731 1765 772; x_wconf 80' lang='lat' dir='ltr'>mixti</span> 
     </span>
     <span class='ocr_line' id='line_1_13' title="bbox 208 788 1764 845; baseline 0.001 -15"><span class='ocrx_word' id='word_1_99' title='bbox 208 788 419 831; x_wconf 86' lang='lat' dir='ltr'>Numidae</span> <span class='ocrx_word' id='word_1_100' title='bbox 451 795 489 832; x_wconf 72' lang='lat' dir='ltr'>et</span> <span class='ocrx_word' id='word_1_101' title='bbox 513 790 707 845; x_wconf 83' lang='lat' dir='ltr'>Hispani,</span> <span class='ocrx_word' id='word_1_102' title='bbox 740 790 791 831; x_wconf 89' lang='lat' dir='ltr'>ad</span> <span class='ocrx_word' id='word_1_103' title='bbox 818 790 1068 831; x_wconf 89' lang='lat' dir='ltr'>Marcellum</span> <span class='ocrx_word' id='word_1_104' title='bbox 1095 789 1432 844; x_wconf 80' lang='lat' dir='ltr'>transfugerunt.</span> <span class='ocrx_word' id='word_1_105' title='bbox 1483 805 1631 831; x_wconf 85' lang='lat' dir='ltr'>eorum</span> <span class='ocrx_word' id='word_1_106' title='bbox 1662 789 1764 831; x_wconf 86' lang='lat' dir='ltr'>forti</span> 
     </span>
    </p>

    <p class='ocr_par' dir='ltr' id='par_1_7' title="bbox 168 848 1765 962">
     <span class='ocr_line' id='line_1_14' title="bbox 168 848 1765 904; baseline 0.001 -15"><span class='ocrx_word' id='word_1_107' title='bbox 168 858 187 889; x_wconf 76' lang='lat'><strong>7</strong></span> <span class='ocrx_word' id='word_1_108' title='bbox 208 848 406 903; x_wconf 87' lang='lat' dir='ltr'>fidelique</span> <span class='ocrx_word' id='word_1_109' title='bbox 441 864 569 904; x_wconf 90' lang='lat' dir='ltr'>opera</span> <span class='ocrx_word' id='word_1_110' title='bbox 600 850 644 890; x_wconf 90' lang='lat' dir='ltr'>in</span> <span class='ocrx_word' id='word_1_111' title='bbox 677 864 725 890; x_wconf 91' lang='lat' dir='ltr'>eo</span> <span class='ocrx_word' id='word_1_112' title='bbox 757 849 870 890; x_wconf 89' lang='lat' dir='ltr'>bello</span> <span class='ocrx_word' id='word_1_113' title='bbox 902 849 969 890; x_wconf 87' lang='lat' dir='ltr'>usi</span> <span class='ocrx_word' id='word_1_114' title='bbox 1011 852 1111 890; x_wconf 92' lang='lat' dir='ltr'>sunt</span> <span class='ocrx_word' id='word_1_115' title='bbox 1148 863 1273 902; x_wconf 85' lang='lat' dir='ltr'>saepe</span> <span class='ocrx_word' id='word_1_116' title='bbox 1312 848 1505 891; x_wconf 85' lang='lat' dir='ltr'>Romani.</span> <span class='ocrx_word' id='word_1_117' title='bbox 1557 863 1657 904; x_wconf 79' lang='lat' dir='ltr'>ager</span> <span class='ocrx_word' id='word_1_118' title='bbox 1689 848 1765 890; x_wconf 89' lang='lat' dir='ltr'>Hi-</span> 
     </span>
     <span class='ocr_line' id='line_1_15' title="bbox 209 907 1764 962; baseline 0 -13"><span class='ocrx_word' id='word_1_119' title='bbox 209 909 352 961; x_wconf 87' lang='lat' dir='ltr'>spanis</span> <span class='ocrx_word' id='word_1_120' title='bbox 386 909 429 949; x_wconf 91' lang='lat' dir='ltr'>in</span> <span class='ocrx_word' id='word_1_121' title='bbox 461 908 673 962; x_wconf 82' lang='lat' dir='ltr'>Hispania</span> <span class='ocrx_word' id='word_1_122' title='bbox 705 911 746 949; x_wconf 91' lang='lat' dir='ltr'>et</span> <span class='ocrx_word' id='word_1_123' title='bbox 776 907 976 949; x_wconf 89' lang='lat' dir='ltr'>Numidis</span> <span class='ocrx_word' id='word_1_124' title='bbox 1007 908 1052 948; x_wconf 94' lang='lat' dir='ltr'>in</span> <span class='ocrx_word' id='word_1_125' title='bbox 1077 907 1224 949; x_wconf 87' lang='lat' dir='ltr'>Africa</span> <span class='ocrx_word' id='word_1_126' title='bbox 1262 913 1362 962; x_wconf 88' lang='lat' dir='ltr'>post</span> <span class='ocrx_word' id='word_1_127' title='bbox 1399 909 1558 950; x_wconf 88' lang='lat' dir='ltr'>bellum</span> <span class='ocrx_word' id='word_1_128' title='bbox 1591 909 1764 950; x_wconf 85' lang='lat' dir='ltr'>virtutis</span> 
     </span>
    </p>
   </div>
   <div class='ocr_carea' id='block_1_4' title="bbox 165 968 602 1067">
    <p class='ocr_par' dir='ltr' id='par_1_8' title="bbox 165 968 602 1067">
     <span class='ocr_line' id='line_1_16' title="bbox 207 968 602 1009; baseline 0.003 -1"><span class='ocrx_word' id='word_1_129' title='bbox 207 981 337 1008; x_wconf 89' lang='lat' dir='ltr'>causa</span> <span class='ocrx_word' id='word_1_130' title='bbox 369 968 493 1009; x_wconf 88' lang='lat' dir='ltr'>datus</span> <span class='ocrx_word' id='word_1_131' title='bbox 527 971 602 1009; x_wconf 83' lang='lat' dir='ltr'>est.</span> 
     </span>
     <span class='ocr_line' id='line_1_17' title="bbox 165 1035 186 1067; baseline 0 0"><span class='ocrx_word' id='word_1_132' title='bbox 165 1035 186 1067; x_wconf 82' lang='lat'><em>8</em></span> 
     </span>
    </p>
   </div>
   <div class='ocr_carea' id='block_1_5' title="bbox 324 1024 1762 1080">
    <p class='ocr_par' dir='ltr' id='par_1_9' title="bbox 324 1024 1762 1080">
     <span class='ocr_line' id='line_1_18' title="bbox 324 1024 1762 1080; baseline -0.001 -12"><span class='ocrx_word' id='word_1_133' title='bbox 324 1025 541 1068; x_wconf 87' lang='lat' dir='ltr'>Hannibal</span> <span class='ocrx_word' id='word_1_134' title='bbox 575 1027 626 1068; x_wconf 84' lang='lat' dir='ltr'>ab</span> <span class='ocrx_word' id='word_1_135' title='bbox 661 1025 772 1067; x_wconf 90' lang='lat' dir='ltr'>Nola</span> <span class='ocrx_word' id='word_1_136' title='bbox 804 1026 982 1067; x_wconf 85' lang='lat' dir='ltr'>remisso</span> <span class='ocrx_word' id='word_1_137' title='bbox 1014 1025 1060 1066; x_wconf 91' lang='lat' dir='ltr'>in</span> <span class='ocrx_word' id='word_1_138' title='bbox 1086 1024 1276 1066; x_wconf 85' lang='lat' dir='ltr'>Bruttios</span> <span class='ocrx_word' id='word_1_139' title='bbox 1304 1025 1516 1067; x_wconf 87' lang='lat' dir='ltr'>Hannone</span> <span class='ocrx_word' id='word_1_140' title='bbox 1543 1041 1638 1067; x_wconf 90' lang='lat' dir='ltr'>cum</span> <span class='ocrx_word' id='word_1_141' title='bbox 1672 1027 1762 1080; x_wconf 87' lang='lat' dir='ltr'>qui-</span> 
     </span>
    </p>
   </div>
   <div class='ocr_carea' id='block_1_6' title="bbox 147 1085 1764 1730">
    <p class='ocr_par' dir='ltr' id='par_1_10' title="bbox 147 1085 1764 1730">
     <span class='ocr_line' id='line_1_19' title="bbox 205 1085 1762 1140; baseline -0.001 -14"><span class='ocrx_word' id='word_1_142' title='bbox 205 1085 284 1126; x_wconf 90' lang='lat' dir='ltr'>bus</span> <span class='ocrx_word' id='word_1_143' title='bbox 317 1088 490 1127; x_wconf 88' lang='lat' dir='ltr'>venerat</span> <span class='ocrx_word' id='word_1_144' title='bbox 522 1086 655 1140; x_wconf 91' lang='lat' dir='ltr'>copiis</span> <span class='ocrx_word' id='word_1_145' title='bbox 687 1085 777 1139; x_wconf 90' lang='lat' dir='ltr'>ipse</span> <span class='ocrx_word' id='word_1_146' title='bbox 810 1085 993 1139; x_wconf 87' lang='lat' dir='ltr'>Apuliae</span> <span class='ocrx_word' id='word_1_147' title='bbox 1025 1085 1206 1126; x_wconf 86' lang='lat' dir='ltr'>hiberna</span> <span class='ocrx_word' id='word_1_148' title='bbox 1238 1085 1360 1138; x_wconf 86' lang='lat' dir='ltr'>petit,</span> <span class='ocrx_word' id='word_1_149' title='bbox 1393 1085 1589 1139; x_wconf 89' lang='lat' dir='ltr'>circaque</span> <span class='ocrx_word' id='word_1_150' title='bbox 1622 1085 1762 1139; x_wconf 80' lang='lat' dir='ltr'>Arpos</span> 
     </span>
     <span class='ocr_line' id='line_1_20' title="bbox 164 1143 1764 1198; baseline 0 -13"><span class='ocrx_word' id='word_1_151' title='bbox 164 1154 184 1184; x_wconf 83' lang='grc'><strong>9</strong></span> <span class='ocrx_word' id='word_1_152' title='bbox 207 1144 408 1186; x_wconf 86' lang='lat' dir='ltr'>consedit.</span> <span class='ocrx_word' id='word_1_153' title='bbox 460 1143 507 1194; x_wconf 80' lang='lat' dir='ltr'>Q.</span> <span class='ocrx_word' id='word_1_154' title='bbox 534 1144 692 1186; x_wconf 84' lang='lat' dir='ltr'>Fabius</span> <span class='ocrx_word' id='word_1_155' title='bbox 726 1147 774 1185; x_wconf 90' lang='lat' dir='ltr'>ut</span> <span class='ocrx_word' id='word_1_156' title='bbox 806 1144 1047 1198; x_wconf 87' lang='lat' dir='ltr'>profectum</span> <span class='ocrx_word' id='word_1_157' title='bbox 1074 1144 1119 1184; x_wconf 90' lang='lat' dir='ltr'>in</span> <span class='ocrx_word' id='word_1_158' title='bbox 1145 1144 1347 1198; x_wconf 88' lang='lat' dir='ltr'>Apuliam</span> <span class='ocrx_word' id='word_1_159' title='bbox 1375 1143 1664 1185; x_wconf 88' lang='lat' dir='ltr'>Hannibalem</span> <span class='ocrx_word' id='word_1_160' title='bbox 1691 1159 1764 1185; x_wconf 90' lang='lat' dir='ltr'>au-</span> 
     </span>
     <span class='ocr_line' id='line_1_21' title="bbox 207 1203 1764 1258; baseline 0.001 -15"><span class='ocrx_word' id='word_1_161' title='bbox 207 1203 324 1256; x_wconf 85' lang='lat' dir='ltr'>divit,</span> <span class='ocrx_word' id='word_1_162' title='bbox 350 1203 563 1245; x_wconf 86' lang='lat' dir='ltr'>frumento</span> <span class='ocrx_word' id='word_1_163' title='bbox 591 1204 645 1245; x_wconf 88' lang='lat' dir='ltr'>ab</span> <span class='ocrx_word' id='word_1_164' title='bbox 672 1203 785 1245; x_wconf 91' lang='lat' dir='ltr'>Nola</span> <span class='ocrx_word' id='word_1_165' title='bbox 809 1203 1076 1258; x_wconf 89' lang='lat' dir='ltr'>Neapolique</span> <span class='ocrx_word' id='word_1_166' title='bbox 1103 1203 1146 1243; x_wconf 91' lang='lat' dir='ltr'>in</span> <span class='ocrx_word' id='word_1_167' title='bbox 1175 1218 1223 1244; x_wconf 86' lang='lat' dir='ltr'>ea</span> <span class='ocrx_word' id='word_1_168' title='bbox 1251 1206 1391 1244; x_wconf 86' lang='lat' dir='ltr'>castra</span> <span class='ocrx_word' id='word_1_169' title='bbox 1412 1207 1627 1256; x_wconf 82' lang='lat' dir='ltr'>convecto,</span> <span class='ocrx_word' id='word_1_170' title='bbox 1656 1218 1764 1257; x_wconf 89' lang='lat' dir='ltr'>quae</span> 
     </span>
     <span class='ocr_line' id='line_1_22' title="bbox 207 1261 1762 1317; baseline 0 -14"><span class='ocrx_word' id='word_1_171' title='bbox 207 1277 332 1316; x_wconf 90' lang='lat' dir='ltr'>super</span> <span class='ocrx_word' id='word_1_172' title='bbox 365 1261 610 1305; x_wconf 81' lang='lat' dir='ltr'>Suessulam</span> <span class='ocrx_word' id='word_1_173' title='bbox 643 1265 783 1313; x_wconf 88' lang='lat' dir='ltr'>erant,</span> <span class='ocrx_word' id='word_1_174' title='bbox 828 1263 1191 1316; x_wconf 87' lang='lat' dir='ltr'>munimentisque</span> <span class='ocrx_word' id='word_1_175' title='bbox 1235 1262 1417 1303; x_wconf 86' lang='lat' dir='ltr'>firmatis</span> <span class='ocrx_word' id='word_1_176' title='bbox 1457 1264 1499 1303; x_wconf 88' lang='lat' dir='ltr'>et</span> <span class='ocrx_word' id='word_1_177' title='bbox 1535 1262 1762 1317; x_wconf 86' lang='lat' dir='ltr'>praesidio,</span> 
     </span>
     <span class='ocr_line' id='line_1_23' title="bbox 206 1321 1762 1376; baseline -0.001 -13"><span class='ocrx_word' id='word_1_178' title='bbox 206 1322 317 1376; x_wconf 88' lang='lat' dir='ltr'>quod</span> <span class='ocrx_word' id='word_1_179' title='bbox 355 1336 429 1375; x_wconf 90' lang='lat' dir='ltr'>per</span> <span class='ocrx_word' id='word_1_180' title='bbox 467 1322 648 1364; x_wconf 88' lang='lat' dir='ltr'>hiberna</span> <span class='ocrx_word' id='word_1_181' title='bbox 687 1322 739 1363; x_wconf 92' lang='lat' dir='ltr'>ad</span> <span class='ocrx_word' id='word_1_182' title='bbox 778 1322 1056 1363; x_wconf 90' lang='lat' dir='ltr'>obtinendum</span> <span class='ocrx_word' id='word_1_183' title='bbox 1100 1321 1240 1362; x_wconf 86' lang='lat' dir='ltr'>locum</span> <span class='ocrx_word' id='word_1_184' title='bbox 1288 1322 1390 1363; x_wconf 87' lang='lat' dir='ltr'>satis</span> <span class='ocrx_word' id='word_1_185' title='bbox 1435 1325 1568 1374; x_wconf 84' lang='lat' dir='ltr'>esset,</span> <span class='ocrx_word' id='word_1_186' title='bbox 1612 1321 1762 1362; x_wconf 89' lang='lat' dir='ltr'>relicto</span> 
     </span>
     <span class='ocr_line' id='line_1_24' title="bbox 204 1379 1761 1436; baseline 0 -15"><span class='ocrx_word' id='word_1_187' title='bbox 204 1381 294 1435; x_wconf 86' lang='lat' dir='ltr'>ipse</span> <span class='ocrx_word' id='word_1_188' title='bbox 328 1379 521 1436; x_wconf 82' lang='lat' dir='ltr'>Capuam</span> <span class='ocrx_word' id='word_1_189' title='bbox 552 1381 728 1436; x_wconf 86' lang='lat' dir='ltr'>propius</span> <span class='ocrx_word' id='word_1_190' title='bbox 762 1382 897 1422; x_wconf 89' lang='lat' dir='ltr'>movit</span> <span class='ocrx_word' id='word_1_191' title='bbox 930 1383 1071 1422; x_wconf 86' lang='lat' dir='ltr'>castra</span> <span class='ocrx_word' id='word_1_192' title='bbox 1098 1394 1332 1435; x_wconf 84' lang='lat' dir='ltr'>agrumque</span> <span class='ocrx_word' id='word_1_193' title='bbox 1359 1379 1625 1434; x_wconf 78' lang='lat' dir='ltr'>Campanum</span> <span class='ocrx_word' id='word_1_194' title='bbox 1650 1381 1761 1421; x_wconf 86' lang='lat' dir='ltr'>ferro</span> 
     </span>
     <span class='ocr_line' id='line_1_25' title="bbox 147 1438 1760 1496; baseline 0 -16"><span class='ocrx_word' id='word_1_195' title='bbox 147 1450 190 1481; x_wconf 89' lang='lat'>10</span> <span class='ocrx_word' id='word_1_196' title='bbox 205 1440 379 1495; x_wconf 81' lang='lat' dir='ltr'>ignique</span> <span class='ocrx_word' id='word_1_197' title='bbox 412 1444 476 1481; x_wconf 88' lang='lat' dir='ltr'>est</span> <span class='ocrx_word' id='word_1_198' title='bbox 508 1441 804 1496; x_wconf 88' lang='lat' dir='ltr'>depopulatus,</span> <span class='ocrx_word' id='word_1_199' title='bbox 837 1440 970 1481; x_wconf 88' lang='lat' dir='ltr'>donec</span> <span class='ocrx_word' id='word_1_200' title='bbox 1003 1440 1138 1481; x_wconf 86' lang='lat' dir='ltr'>coacti</span> <span class='ocrx_word' id='word_1_201' title='bbox 1171 1443 1269 1480; x_wconf 88' lang='lat' dir='ltr'>sunt</span> <span class='ocrx_word' id='word_1_202' title='bbox 1303 1438 1521 1494; x_wconf 79' lang='lat' dir='ltr'>Campani,</span> <span class='ocrx_word' id='word_1_203' title='bbox 1553 1439 1661 1480; x_wconf 92' lang='lat' dir='ltr'>nihil</span> <span class='ocrx_word' id='word_1_204' title='bbox 1690 1439 1760 1480; x_wconf 91' lang='lat' dir='ltr'>ad-</span> 
     </span>
     <span class='ocr_line' id='line_1_26' title="bbox 204 1499 1761 1555; baseline 0 -16"><span class='ocrx_word' id='word_1_205' title='bbox 204 1499 377 1540; x_wconf 87' lang='lat' dir='ltr'>modum</span> <span class='ocrx_word' id='word_1_206' title='bbox 403 1500 566 1541; x_wconf 86' lang='lat' dir='ltr'>viribus</span> <span class='ocrx_word' id='word_1_207' title='bbox 594 1500 681 1541; x_wconf 90' lang='lat' dir='ltr'>suis</span> <span class='ocrx_word' id='word_1_208' title='bbox 708 1499 899 1553; x_wconf 86' lang='lat' dir='ltr'>fidentes,</span> <span class='ocrx_word' id='word_1_209' title='bbox 931 1499 1074 1555; x_wconf 79' lang='lat' dir='ltr'>egredi</span> <span class='ocrx_word' id='word_1_210' title='bbox 1099 1500 1235 1552; x_wconf 84' lang='lat' dir='ltr'>portis</span> <span class='ocrx_word' id='word_1_211' title='bbox 1263 1502 1306 1540; x_wconf 87' lang='lat' dir='ltr'>et</span> <span class='ocrx_word' id='word_1_212' title='bbox 1331 1504 1473 1540; x_wconf 86' lang='lat' dir='ltr'>castra</span> <span class='ocrx_word' id='word_1_213' title='bbox 1494 1501 1591 1540; x_wconf 89' lang='lat' dir='ltr'>ante</span> <span class='ocrx_word' id='word_1_214' title='bbox 1613 1499 1761 1540; x_wconf 87' lang='lat' dir='ltr'>urbem</span> 
     </span>
     <span class='ocr_line' id='line_1_27' title="bbox 147 1557 1759 1612; baseline 0 -14"><span class='ocrx_word' id='word_1_215' title='bbox 147 1558 248 1598; x_wconf 81' lang='lat' dir='ltr'>nin</span> <span class='ocrx_word' id='word_1_216' title='bbox 275 1561 422 1612; x_wconf 88' lang='lat' dir='ltr'>aperto</span> <span class='ocrx_word' id='word_1_217' title='bbox 450 1559 722 1600; x_wconf 85' lang='lat' dir='ltr'>communire.</span> <span class='ocrx_word' id='word_1_218' title='bbox 772 1573 845 1599; x_wconf 81' lang='lat' dir='ltr'>sex</span> <span class='ocrx_word' id='word_1_219' title='bbox 877 1559 996 1599; x_wconf 86' lang='lat' dir='ltr'>milia</span> <span class='ocrx_word' id='word_1_220' title='bbox 1022 1561 1284 1599; x_wconf 87' lang='lat' dir='ltr'>armatorum</span> <span class='ocrx_word' id='word_1_221' title='bbox 1311 1557 1542 1610; x_wconf 85' lang='lat' dir='ltr'>habebant,</span> <span class='ocrx_word' id='word_1_222' title='bbox 1574 1558 1759 1611; x_wconf 89' lang='lat' dir='ltr'>peditem</span> 
     </span>
     <span class='ocr_line' id='line_1_28' title="bbox 203 1616 1757 1673; baseline 0 -16"><span class='ocrx_word' id='word_1_223' title='bbox 203 1617 418 1671; x_wconf 88' lang='lat' dir='ltr'>inbellem,</span> <span class='ocrx_word' id='word_1_224' title='bbox 445 1618 639 1673; x_wconf 87' lang='lat' dir='ltr'>equitatu</span> <span class='ocrx_word' id='word_1_225' title='bbox 665 1618 762 1672; x_wconf 90' lang='lat' dir='ltr'>plus</span> <span class='ocrx_word' id='word_1_226' title='bbox 789 1620 1005 1671; x_wconf 82' lang='lat' dir='ltr'>poterant:</span> <span class='ocrx_word' id='word_1_227' title='bbox 1032 1618 1177 1670; x_wconf 87' lang='lat' dir='ltr'>itaque</span> <span class='ocrx_word' id='word_1_228' title='bbox 1205 1617 1473 1670; x_wconf 88' lang='lat' dir='ltr'>equestribus</span> <span class='ocrx_word' id='word_1_229' title='bbox 1499 1617 1672 1670; x_wconf 88' lang='lat' dir='ltr'>proeliis</span> <span class='ocrx_word' id='word_1_230' title='bbox 1700 1616 1757 1657; x_wconf 86' lang='lat' dir='ltr'>la-</span> 
     </span>
     <span class='ocr_line' id='line_1_29' title="bbox 147 1673 1760 1730; baseline -0.001 -13"><span class='ocrx_word' id='word_1_231' title='bbox 147 1687 189 1717; x_wconf 76' lang='grc'>12</span> <span class='ocrx_word' id='word_1_232' title='bbox 205 1676 429 1717; x_wconf 86' lang='lat' dir='ltr'>cessebant</span> <span class='ocrx_word' id='word_1_233' title='bbox 459 1677 637 1718; x_wconf 87' lang='lat' dir='ltr'>hostem.</span> <span class='ocrx_word' id='word_1_234' title='bbox 689 1677 798 1717; x_wconf 91' lang='lat' dir='ltr'>inter</span> <span class='ocrx_word' id='word_1_235' title='bbox 825 1677 982 1717; x_wconf 87' lang='lat' dir='ltr'>multos</span> <span class='ocrx_word' id='word_1_236' title='bbox 1009 1676 1175 1717; x_wconf 89' lang='lat' dir='ltr'>nobiles</span> <span class='ocrx_word' id='word_1_237' title='bbox 1203 1676 1366 1730; x_wconf 89' lang='lat' dir='ltr'>equites</span> <span class='ocrx_word' id='word_1_238' title='bbox 1396 1673 1636 1729; x_wconf 86' lang='lat' dir='ltr'>Campanos</span> <span class='ocrx_word' id='word_1_239' title='bbox 1664 1674 1760 1718; x_wconf 82' lang='lat' dir='ltr'>Cer-</span> 
     </span>
    </p>
   </div>
   <div class='ocr_carea' id='block_1_7' title="bbox 201 1780 947 2898">
    <p class='ocr_par' dir='ltr' id='par_1_11' title="bbox 201 1780 944 1957">
     <span class='ocr_line' id='line_1_30' title="bbox 251 1780 943 1827; baseline 0.001 -13"><span class='ocrx_word' id='word_1_240' title='bbox 251 1784 281 1814; x_wconf 85' lang='lat'>3.</span> <span class='ocrx_word' id='word_1_241' title='bbox 302 1781 532 1827; x_wconf 71' lang='lat' dir='ltr'>inclinatior]</span> <span class='ocrx_word' id='word_1_242' title='bbox 554 1780 862 1825; x_wconf 71' lang='lat' dir='ltr'>Abschwachung</span> <span class='ocrx_word' id='word_1_243' title='bbox 880 1781 943 1815; x_wconf 90' lang='lat' dir='ltr'>des</span> 
     </span>
     <span class='ocr_line' id='line_1_31' title="bbox 204 1827 944 1873; baseline 0 -12"><span class='ocrx_word' id='word_1_244' title='bbox 204 1827 294 1872; x_wconf 88' lang='lat' dir='ltr'>Kap.</span> <span class='ocrx_word' id='word_1_245' title='bbox 318 1831 373 1871; x_wconf 88' lang='lat'>39,</span> <span class='ocrx_word' id='word_1_246' title='bbox 395 1832 413 1862; x_wconf 86' lang='lat'><strong>7</strong></span> <span class='ocrx_word' id='word_1_247' title='bbox 437 1828 634 1873; x_wconf 86' lang='lat' dir='ltr'>Gesagten.</span> <span class='ocrx_word' id='word_1_248' title='bbox 672 1827 776 1862; x_wconf 85' lang='lat' dir='ltr'>Doeh</span> <span class='ocrx_word' id='word_1_249' title='bbox 795 1827 867 1862; x_wconf 86' lang='lat' dir='ltr'>rief</span> <span class='ocrx_word' id='word_1_250' title='bbox 885 1827 944 1862; x_wconf 87' lang='lat' dir='ltr'>die</span> 
     </span>
     <span class='ocr_line' id='line_1_32' title="bbox 202 1874 943 1910; baseline 0.001 -2"><span class='ocrx_word' id='word_1_251' title='bbox 202 1874 310 1909; x_wconf 85' lang='lat' dir='ltr'>Plebs</span> <span class='ocrx_word' id='word_1_252' title='bbox 331 1886 403 1910; x_wconf 83' lang='lat' dir='ltr'>von</span> <span class='ocrx_word' id='word_1_253' title='bbox 423 1875 520 1910; x_wconf 87' lang='lat' dir='ltr'>Nola</span> <span class='ocrx_word' id='word_1_254' title='bbox 544 1876 614 1910; x_wconf 88' lang='lat' dir='ltr'>den</span> <span class='ocrx_word' id='word_1_255' title='bbox 633 1874 823 1910; x_wconf 88' lang='lat' dir='ltr'>Hannibal</span> <span class='ocrx_word' id='word_1_256' title='bbox 849 1875 943 1910; x_wconf 88' lang='lat' dir='ltr'>auch</span> 
     </span>
     <span class='ocr_line' id='line_1_33' title="bbox 201 1922 944 1957; baseline 0 -1"><span class='ocrx_word' id='word_1_257' title='bbox 201 1922 252 1956; x_wconf 87' lang='lat' dir='ltr'>im</span> <span class='ocrx_word' id='word_1_258' title='bbox 291 1923 469 1957; x_wconf 76' lang='lat' dir='ltr'>n&#39;achsten</span> <span class='ocrx_word' id='word_1_259' title='bbox 500 1922 612 1957; x_wconf 82' lang='lat' dir='ltr'>Jahre</span> <span class='ocrx_word' id='word_1_260' title='bbox 644 1923 781 1957; x_wconf 86' lang='lat' dir='ltr'>wieder</span> <span class='ocrx_word' id='word_1_261' title='bbox 816 1923 944 1957; x_wconf 85' lang='lat' dir='ltr'>herbei</span> 
     </span>
    </p>

    <p class='ocr_par' dir='ltr' id='par_1_12' title="bbox 203 2017 944 2287">
     <span class='ocr_line' id='line_1_34' title="bbox 251 2017 942 2063; baseline 0 -12"><span class='ocrx_word' id='word_1_262' title='bbox 251 2021 282 2051; x_wconf 85' lang='lat'>5.</span> <span class='ocrx_word' id='word_1_263' title='bbox 314 2017 530 2063; x_wconf 76' lang='lat' dir='ltr'>sepeliendo]</span> <span class='ocrx_word' id='word_1_264' title='bbox 567 2017 778 2061; x_wconf 78' lang='lat' dir='ltr'>Erklarung</span> <span class='ocrx_word' id='word_1_265' title='bbox 811 2029 854 2051; x_wconf 84' lang='lat' dir='ltr'>zu</span> <span class='ocrx_word' id='word_1_266' title='bbox 886 2017 942 2051; x_wconf 75' lang='lat' dir='ltr'>in-</span> 
     </span>
     <span class='ocr_line' id='line_1_35' title="bbox 203 2064 943 2108; baseline 0 -11"><span class='ocrx_word' id='word_1_267' title='bbox 203 2064 318 2098; x_wconf 78' lang='lat' dir='ltr'>dutiis</span> <span class='ocrx_word' id='word_1_268' title='bbox 355 2068 444 2098; x_wconf 75' lang='lat' dir='ltr'>tow..-</span> <span class='ocrx_word' id='word_1_269' title='bbox 488 2065 526 2098; x_wconf 86' lang='lat' dir='ltr'>in</span> <span class='ocrx_word' id='word_1_270' title='bbox 564 2064 943 2108; x_wconf 84' lang='lat' dir='ltr'>stillschweigendem</span> 
     </span>
     <span class='ocr_line' id='line_1_36' title="bbox 204 2110 943 2154; baseline 0.003 -11"><span class='ocrx_word' id='word_1_271' title='bbox 204 2110 557 2154; x_wconf 83' lang='lat' dir='ltr'>Waffenstillstand,</span> <span class='ocrx_word' id='word_1_272' title='bbox 595 2111 720 2146; x_wconf 88' lang='lat' dir='ltr'>indem</span> <span class='ocrx_word' id='word_1_273' title='bbox 755 2122 842 2145; x_wconf 84' lang='lat' dir='ltr'>man</span> <span class='ocrx_word' id='word_1_274' title='bbox 876 2139 883 2145; x_wconf 91' lang='lat'>.</span> <span class='ocrx_word' id='word_1_275' title='bbox 906 2138 943 2145; x_wconf 87' lang='lat'>..</span> 
     </span>
     <span class='ocr_line' id='line_1_37' title="bbox 206 2157 944 2193; baseline 0 -2"><span class='ocrx_word' id='word_1_276' title='bbox 206 2157 415 2192; x_wconf 83' lang='lat' dir='ltr'>bestattete.</span> <span class='ocrx_word' id='word_1_277' title='bbox 444 2179 486 2183; x_wconf 97' lang='lat'><strong>—</strong></span> <span class='ocrx_word' id='word_1_278' title='bbox 514 2157 587 2193; x_wconf 86' lang='lat' dir='ltr'>Der</span> <span class='ocrx_word' id='word_1_279' title='bbox 619 2157 743 2193; x_wconf 89' lang='lat' dir='ltr'>Ablat.</span> <span class='ocrx_word' id='word_1_280' title='bbox 771 2158 832 2192; x_wconf 83' lang='lat' dir='ltr'>bei</span> <span class='ocrx_word' id='word_1_281' title='bbox 863 2168 944 2192; x_wconf 79' lang='lat' dir='ltr'>con-</span> 
     </span>
     <span class='ocr_line' id='line_1_38' title="bbox 204 2204 943 2249; baseline 0 -11"><span class='ocrx_word' id='word_1_282' title='bbox 204 2215 338 2238; x_wconf 78' lang='lat' dir='ltr'>sumere</span> <span class='ocrx_word' id='word_1_283' title='bbox 381 2204 430 2238; x_wconf 86' lang='lat' dir='ltr'>ist</span> <span class='ocrx_word' id='word_1_284' title='bbox 473 2205 533 2238; x_wconf 90' lang='lat' dir='ltr'>bei</span> <span class='ocrx_word' id='word_1_285' title='bbox 570 2204 647 2239; x_wconf 89' lang='lat' dir='ltr'>Liv.</span> <span class='ocrx_word' id='word_1_286' title='bbox 692 2205 943 2249; x_wconf 73' lang='lat' dir='ltr'>gewohnlich3</span> 
     </span>
     <span class='ocr_line' id='line_1_39' title="bbox 206 2250 529 2287; baseline 0.006 -2"><span class='ocrx_word' id='word_1_287' title='bbox 206 2250 332 2285; x_wconf 87' lang='lat' dir='ltr'>Cicero</span> <span class='ocrx_word' id='word_1_288' title='bbox 359 2253 454 2285; x_wconf 80' lang='lat' dir='ltr'>setzt</span> <span class='ocrx_word' id='word_1_289' title='bbox 478 2252 529 2287; x_wconf 71' lang='lat' dir='ltr'>in.</span> 
     </span>
    </p>

    <p class='ocr_par' dir='ltr' id='par_1_13' title="bbox 203 2297 947 2805">
     <span class='ocr_line' id='line_1_40' title="bbox 254 2297 943 2343; baseline -0.001 -11"><span class='ocrx_word' id='word_1_290' title='bbox 254 2303 285 2333; x_wconf 89' lang='grc'>6.</span> <span class='ocrx_word' id='word_1_291' title='bbox 325 2298 489 2333; x_wconf 74' lang='lat' dir='ltr'>Vulcano</span> <span class='ocrx_word' id='word_1_292' title='bbox 530 2298 665 2343; x_wconf 76' lang='lat' dir='ltr'>votum]</span> <span class='ocrx_word' id='word_1_293' title='bbox 711 2298 796 2332; x_wconf 87' lang='lat' dir='ltr'>dem</span> <span class='ocrx_word' id='word_1_294' title='bbox 834 2297 943 2332; x_wconf 83' lang='lat' dir='ltr'>Sinne</span> 
     </span>
     <span class='ocr_line' id='line_1_41' title="bbox 204 2345 946 2390; baseline 0 -11"><span class='ocrx_word' id='word_1_295' title='bbox 204 2346 299 2380; x_wconf 88' lang='lat' dir='ltr'>nach</span> <span class='ocrx_word' id='word_1_296' title='bbox 325 2345 550 2390; x_wconf 86' lang='lat' dir='ltr'>Apposition</span> <span class='ocrx_word' id='word_1_297' title='bbox 575 2357 656 2379; x_wconf 89' lang='lat' dir='ltr'>zum</span> <span class='ocrx_word' id='word_1_298' title='bbox 682 2356 822 2390; x_wconf 89' lang='lat' dir='ltr'>ganzen</span> <span class='ocrx_word' id='word_1_299' title='bbox 850 2345 946 2387; x_wconf 60' lang='lat' dir='ltr'>Sam,</span> 
     </span>
     <span class='ocr_line' id='line_1_42' title="bbox 203 2392 946 2438; baseline -0.003 -11"><span class='ocrx_word' id='word_1_300' title='bbox 203 2392 339 2437; x_wconf 84' lang='lat' dir='ltr'>jedoch</span> <span class='ocrx_word' id='word_1_301' title='bbox 373 2393 438 2427; x_wconf 90' lang='lat' dir='ltr'>auf</span> <span class='ocrx_word' id='word_1_302' title='bbox 472 2394 590 2438; x_wconf 77' lang='lat' dir='ltr'>spolia</span> <span class='ocrx_word' id='word_1_303' title='bbox 621 2393 676 2427; x_wconf 85' lang='lat' dir='ltr'>als</span> <span class='ocrx_word' id='word_1_304' title='bbox 709 2392 946 2436; x_wconf 88' lang='lat' dir='ltr'>Hauptsache</span> 
     </span>
     <span class='ocr_line' id='line_1_43' title="bbox 206 2439 946 2485; baseline -0.001 -12"><span class='ocrx_word' id='word_1_305' title='bbox 206 2442 256 2473; x_wconf 78' lang='lat' dir='ltr'>im</span> <span class='ocrx_word' id='word_1_306' title='bbox 290 2439 396 2474; x_wconf 86' lang='lat' dir='ltr'>Satze</span> <span class='ocrx_word' id='word_1_307' title='bbox 431 2441 604 2485; x_wconf 88' lang='lat' dir='ltr'>bezogen.</span> <span class='ocrx_word' id='word_1_308' title='bbox 650 2439 724 2474; x_wconf 86' lang='lat' dir='ltr'>Das</span> <span class='ocrx_word' id='word_1_309' title='bbox 761 2439 946 2473; x_wconf 76' lang='lat' dir='ltr'>namliche</span> 
     </span>
     <span class='ocr_line' id='line_1_44' title="bbox 208 2487 945 2530; baseline -0.001 -9"><span class='ocrx_word' id='word_1_310' title='bbox 208 2487 374 2521; x_wconf 73' lang='lat' dir='ltr'>Gelfibde</span> <span class='ocrx_word' id='word_1_311' title='bbox 412 2488 503 2521; x_wconf 85' lang='lat' dir='ltr'>wird</span> <span class='ocrx_word' id='word_1_312' title='bbox 543 2487 711 2522; x_wconf 71' lang='lat' dir='ltr'>erwahnt</span> <span class='ocrx_word' id='word_1_313' title='bbox 750 2491 784 2529; x_wconf 84' lang='lat'>1,</span> <span class='ocrx_word' id='word_1_314' title='bbox 819 2490 875 2530; x_wconf 82' lang='lat'>37,</span> <span class='ocrx_word' id='word_1_315' title='bbox 909 2490 945 2528; x_wconf 73' lang='grc' dir='ltr'>ὃς</span> 
     </span>
     <span class='ocr_line' id='line_1_45' title="bbox 208 2533 947 2578; baseline 0 -11"><span class='ocrx_word' id='word_1_316' title='bbox 208 2537 388 2577; x_wconf 84' lang='lat'>8,10,13;</span> <span class='ocrx_word' id='word_1_317' title='bbox 417 2538 472 2577; x_wconf 80' lang='lat'>30,</span> <span class='ocrx_word' id='word_1_318' title='bbox 491 2540 522 2578; x_wconf 84' lang='lat'>6,</span> <span class='ocrx_word' id='word_1_319' title='bbox 544 2538 580 2577; x_wconf 73' lang='lat'>9³</span> <span class='ocrx_word' id='word_1_320' title='bbox 608 2537 735 2577; x_wconf 79' lang='lat'>41,12,</span> <span class='ocrx_word' id='word_1_321' title='bbox 752 2537 782 2568; x_wconf 84' lang='lat'>6.</span> <span class='ocrx_word' id='word_1_322' title='bbox 818 2533 947 2568; x_wconf 81' lang='lat' dir='ltr'>Neben</span> 
     </span>
     <span class='ocr_line' id='line_1_46' title="bbox 208 2579 947 2616; baseline 0 -2"><span class='ocrx_word' id='word_1_323' title='bbox 208 2580 306 2615; x_wconf 84' lang='lat' dir='ltr'>Mars</span> <span class='ocrx_word' id='word_1_324' title='bbox 331 2581 406 2615; x_wconf 88' lang='lat' dir='ltr'>und</span> <span class='ocrx_word' id='word_1_325' title='bbox 433 2580 602 2616; x_wconf 87' lang='lat' dir='ltr'>Minerva</span> <span class='ocrx_word' id='word_1_326' title='bbox 626 2593 702 2616; x_wconf 88' lang='lat' dir='ltr'>war</span> <span class='ocrx_word' id='word_1_327' title='bbox 728 2592 766 2615; x_wconf 86' lang='lat' dir='ltr'>es</span> <span class='ocrx_word' id='word_1_328' title='bbox 792 2579 947 2615; x_wconf 86' lang='lat' dir='ltr'>zumeist</span> 
     </span>
     <span class='ocr_line' id='line_1_47' title="bbox 207 2627 944 2671; baseline 0 -10"><span class='ocrx_word' id='word_1_329' title='bbox 207 2627 356 2663; x_wconf 85' lang='lat' dir='ltr'>Vulkan</span> <span class='ocrx_word' id='word_1_330' title='bbox 380 2629 449 2671; x_wconf 87' lang='lat' dir='ltr'>(als</span> <span class='ocrx_word' id='word_1_331' title='bbox 470 2628 559 2663; x_wconf 87' lang='lat' dir='ltr'>Gott</span> <span class='ocrx_word' id='word_1_332' title='bbox 585 2629 649 2663; x_wconf 86' lang='lat' dir='ltr'>der</span> <span class='ocrx_word' id='word_1_333' title='bbox 669 2627 944 2671; x_wconf 79' lang='lat' dir='ltr'>Metallarbeit),</span> 
     </span>
     <span class='ocr_line' id='line_1_48' title="bbox 209 2674 947 2719; baseline 0 -11"><span class='ocrx_word' id='word_1_334' title='bbox 209 2675 292 2709; x_wconf 88' lang='lat' dir='ltr'>dem</span> <span class='ocrx_word' id='word_1_335' title='bbox 319 2675 507 2710; x_wconf 83' lang='lat' dir='ltr'>erbeutete</span> <span class='ocrx_word' id='word_1_336' title='bbox 534 2676 753 2719; x_wconf 72' lang='lat' dir='ltr'>Rustungen</span> <span class='ocrx_word' id='word_1_337' title='bbox 785 2674 947 2719; x_wconf 86' lang='lat' dir='ltr'>geweiht</span> 
     </span>
     <span class='ocr_line' id='line_1_49' title="bbox 206 2722 946 2767; baseline -0.001 -11"><span class='ocrx_word' id='word_1_338' title='bbox 206 2722 367 2757; x_wconf 82' lang='lat' dir='ltr'>wurden.</span> <span class='ocrx_word' id='word_1_339' title='bbox 390 2743 432 2746; x_wconf 88' lang='lat'>—</span> <span class='ocrx_word' id='word_1_340' title='bbox 454 2722 607 2767; x_wconf 61' lang='lat' dir='ltr'>liberal]</span> <span class='ocrx_word' id='word_1_341' title='bbox 636 2722 800 2766; x_wconf 85' lang='lat' dir='ltr'>weniger</span> <span class='ocrx_word' id='word_1_342' title='bbox 820 2724 946 2765; x_wconf 81' lang='lat' dir='ltr'>streng</span> 
     </span>
     <span class='ocr_line' id='line_1_50' title="bbox 208 2768 581 2805; baseline 0.008 -4"><span class='ocrx_word' id='word_1_343' title='bbox 208 2780 240 2803; x_wconf 88' lang='lat' dir='ltr'>u.</span> <span class='ocrx_word' id='word_1_344' title='bbox 267 2768 393 2803; x_wconf 83' lang='lat' dir='ltr'>besser</span> <span class='ocrx_word' id='word_1_345' title='bbox 417 2768 581 2805; x_wconf 80' lang='lat' dir='ltr'>belohnt.</span> 
     </span>
    </p>

    <p class='ocr_par' dir='ltr' id='par_1_14' title="bbox 209 2816 945 2898">
     <span class='ocr_line' id='line_1_51' title="bbox 257 2816 945 2862; baseline 0 -13"><span class='ocrx_word' id='word_1_346' title='bbox 257 2819 285 2849; x_wconf 81' lang='lat'>7.</span> <span class='ocrx_word' id='word_1_347' title='bbox 313 2817 460 2851; x_wconf 75' lang='lat' dir='ltr'>virtut-is</span> <span class='ocrx_word' id='word_1_348' title='bbox 486 2817 613 2862; x_wconf 77' lang='lat' dir='ltr'>causa]</span> <span class='ocrx_word' id='word_1_349' title='bbox 641 2833 684 2845; x_wconf 95' lang='lat'><strong><em>=</em></strong></span> <span class='ocrx_word' id='word_1_350' title='bbox 705 2820 855 2861; x_wconf 71' lang='lat' dir='ltr'>propter</span> <span class='ocrx_word' id='word_1_351' title='bbox 874 2816 945 2850; x_wconf 78' lang='lat' dir='ltr'>vir-</span> 
     </span>
     <span class='ocr_line' id='line_1_52' title="bbox 209 2862 944 2898; baseline 0.001 -3"><span class='ocrx_word' id='word_1_352' title='bbox 209 2865 326 2898; x_wconf 74' lang='lat' dir='ltr'>tutem.</span> <span class='ocrx_word' id='word_1_353' title='bbox 369 2874 479 2897; x_wconf 80' lang='lat' dir='ltr'>causa</span> <span class='ocrx_word' id='word_1_354' title='bbox 505 2863 596 2898; x_wconf 84' lang='lat' dir='ltr'>wird</span> <span class='ocrx_word' id='word_1_355' title='bbox 624 2862 683 2898; x_wconf 89' lang='lat' dir='ltr'>bei</span> <span class='ocrx_word' id='word_1_356' title='bbox 710 2863 786 2898; x_wconf 83' lang='lat' dir='ltr'>Liv.</span> <span class='ocrx_word' id='word_1_357' title='bbox 814 2863 944 2897; x_wconf 85' lang='lat' dir='ltr'>zuwei-</span> 
     </span>
    </p>
   </div>
   <div class='ocr_carea' id='block_1_8' title="bbox 1016 1779 1761 2906">
    <p class='ocr_par' dir='ltr' id='par_1_15' title="bbox 1016 1779 1761 2003">
     <span class='ocr_line' id='line_1_53' title="bbox 1017 1779 1761 1824; baseline -0.001 -10"><span class='ocrx_word' id='word_1_358' title='bbox 1017 1780 1079 1815; x_wconf 87' lang='lat' dir='ltr'>len</span> <span class='ocrx_word' id='word_1_359' title='bbox 1104 1791 1143 1814; x_wconf 88' lang='lat' dir='ltr'>so</span> <span class='ocrx_word' id='word_1_360' title='bbox 1167 1780 1389 1824; x_wconf 86' lang='lat' dir='ltr'>gebraucht;</span> <span class='ocrx_word' id='word_1_361' title='bbox 1418 1779 1455 1813; x_wconf 88' lang='lat' dir='ltr'>in</span> <span class='ocrx_word' id='word_1_362' title='bbox 1477 1779 1541 1814; x_wconf 86' lang='lat' dir='ltr'>der</span> <span class='ocrx_word' id='word_1_363' title='bbox 1561 1779 1679 1823; x_wconf 80' lang='lat' dir='ltr'>Rege]</span> <span class='ocrx_word' id='word_1_364' title='bbox 1700 1779 1761 1814; x_wconf 89' lang='lat' dir='ltr'>be-</span> 
     </span>
     <span class='ocr_line' id='line_1_54' title="bbox 1017 1826 1755 1871; baseline -0.001 -10"><span class='ocrx_word' id='word_1_365' title='bbox 1017 1827 1185 1862; x_wconf 85' lang='lat' dir='ltr'>zeichnet</span> <span class='ocrx_word' id='word_1_366' title='bbox 1218 1838 1255 1861; x_wconf 84' lang='lat' dir='ltr'>es</span> <span class='ocrx_word' id='word_1_367' title='bbox 1290 1827 1348 1861; x_wconf 83' lang='lat' dir='ltr'>die</span> <span class='ocrx_word' id='word_1_368' title='bbox 1374 1826 1532 1861; x_wconf 84' lang='lat' dir='ltr'>Absicht</span> <span class='ocrx_word' id='word_1_369' title='bbox 1565 1827 1660 1871; x_wconf 88' lang='lat' dir='ltr'>(also</span> <span class='ocrx_word' id='word_1_370' title='bbox 1685 1827 1755 1861; x_wconf 84' lang='lat' dir='ltr'>vir-</span> 
     </span>
     <span class='ocr_line' id='line_1_55' title="bbox 1019 1875 1758 1909; baseline -0.001 -1"><span class='ocrx_word' id='word_1_371' title='bbox 1019 1875 1106 1909; x_wconf 75' lang='lat' dir='ltr'>tutis</span> <span class='ocrx_word' id='word_1_372' title='bbox 1138 1885 1166 1909; x_wconf 82' lang='lat' dir='ltr'>c.</span> <span class='ocrx_word' id='word_1_373' title='bbox 1194 1891 1237 1903; x_wconf 92' lang='lat'><strong><em>=</em></strong></span> <span class='ocrx_word' id='word_1_374' title='bbox 1269 1886 1331 1908; x_wconf 92' lang='lat' dir='ltr'>um</span> <span class='ocrx_word' id='word_1_375' title='bbox 1370 1875 1421 1908; x_wconf 87' lang='lat' dir='ltr'>sie</span> <span class='ocrx_word' id='word_1_376' title='bbox 1460 1886 1523 1908; x_wconf 89' lang='lat' dir='ltr'>zur</span> <span class='ocrx_word' id='word_1_377' title='bbox 1560 1875 1678 1908; x_wconf 69' lang='lat' dir='ltr'>virtus</span> <span class='ocrx_word' id='word_1_378' title='bbox 1715 1885 1758 1907; x_wconf 86' lang='lat' dir='ltr'>zu</span> 
     </span>
     <span class='ocr_line' id='line_1_56' title="bbox 1017 1920 1759 1965; baseline -0.001 -9"><span class='ocrx_word' id='word_1_379' title='bbox 1017 1922 1278 1965; x_wconf 88' lang='lat' dir='ltr'>veranlassen).</span> <span class='ocrx_word' id='word_1_380' title='bbox 1294 1942 1337 1946; x_wconf 97' lang='lat'><strong>—</strong></span> <span class='ocrx_word' id='word_1_381' title='bbox 1358 1920 1427 1955; x_wconf 92' lang='lat' dir='ltr'>Die</span> <span class='ocrx_word' id='word_1_382' title='bbox 1448 1920 1565 1956; x_wconf 87' lang='lat' dir='ltr'>Sache</span> <span class='ocrx_word' id='word_1_383' title='bbox 1584 1921 1633 1955; x_wconf 88' lang='lat' dir='ltr'>ist</span> <span class='ocrx_word' id='word_1_384' title='bbox 1655 1920 1759 1955; x_wconf 84' lang='lat' dir='ltr'>nicht</span> 
     </span>
     <span class='ocr_line' id='line_1_57' title="bbox 1016 1969 1332 2003; baseline 0 0"><span class='ocrx_word' id='word_1_385' title='bbox 1016 1969 1132 2003; x_wconf 73' lang='lat' dir='ltr'>naher</span> <span class='ocrx_word' id='word_1_386' title='bbox 1156 1969 1332 2003; x_wconf 87' lang='lat' dir='ltr'>bekannt.</span> 
     </span>
    </p>

    <p class='ocr_par' dir='ltr' id='par_1_16' title="bbox 1016 2015 1758 2153">
     <span class='ocr_line' id='line_1_58' title="bbox 1063 2015 1758 2060; baseline -0.001 -10"><span class='ocrx_word' id='word_1_387' title='bbox 1063 2015 1165 2060; x_wconf 85' lang='lat' dir='ltr'>Kap.</span> <span class='ocrx_word' id='word_1_388' title='bbox 1198 2019 1430 2059; x_wconf 80' lang='grc'><strong>46,8-48,3.</strong></span> <span class='ocrx_word' id='word_1_389' title='bbox 1490 2015 1758 2060; x_wconf 79' lang='lat' dir='ltr'>Ereignisse</span> 
     </span>
     <span class='ocr_line' id='line_1_59' title="bbox 1016 2062 1756 2106; baseline -0.004 -8"><span class='ocrx_word' id='word_1_390' title='bbox 1016 2075 1094 2098; x_wconf 83' lang='lat' dir='ltr'>vor</span> <span class='ocrx_word' id='word_1_391' title='bbox 1138 2063 1287 2106; x_wconf 88' lang='lat' dir='ltr'>Capua</span> <span class='ocrx_word' id='word_1_392' title='bbox 1330 2063 1415 2097; x_wconf 86' lang='lat' dir='ltr'>und</span> <span class='ocrx_word' id='word_1_393' title='bbox 1463 2062 1506 2096; x_wconf 87' lang='lat' dir='ltr'>in</span> <span class='ocrx_word' id='word_1_394' title='bbox 1550 2062 1756 2106; x_wconf 83' lang='lat' dir='ltr'>Apulien.</span> 
     </span>
     <span class='ocr_line' id='line_1_60' title="bbox 1017 2108 1755 2153; baseline -0.001 -9"><span class='ocrx_word' id='word_1_395' title='bbox 1017 2110 1093 2145; x_wconf 84' lang='lat' dir='ltr'>Sil.</span> <span class='ocrx_word' id='word_1_396' title='bbox 1115 2110 1164 2144; x_wconf 84' lang='lat' dir='ltr'>It.</span> <span class='ocrx_word' id='word_1_397' title='bbox 1189 2114 1241 2151; x_wconf 85' lang='lat'>13,</span> <span class='ocrx_word' id='word_1_398' title='bbox 1266 2114 1330 2144; x_wconf 82' lang='lat'>142</span> <span class='ocrx_word' id='word_1_399' title='bbox 1345 2110 1392 2151; x_wconf 89' lang='lat' dir='ltr'>ff.‚</span> <span class='ocrx_word' id='word_1_400' title='bbox 1414 2108 1520 2153; x_wconf 86' lang='lat' dir='ltr'>App.</span> <span class='ocrx_word' id='word_1_401' title='bbox 1541 2108 1677 2143; x_wconf 84' lang='lat' dir='ltr'>Hann.</span> <span class='ocrx_word' id='word_1_402' title='bbox 1700 2111 1755 2143; x_wconf 83' lang='lat'>37.</span> 
     </span>
    </p>

    <p class='ocr_par' dir='ltr' id='par_1_17' title="bbox 1017 2155 1756 2245">
     <span class='ocr_line' id='line_1_61' title="bbox 1064 2155 1756 2201; baseline -0.003 -10"><span class='ocrx_word' id='word_1_403' title='bbox 1064 2161 1095 2191; x_wconf 84' lang='grc'>8.</span> <span class='ocrx_word' id='word_1_404' title='bbox 1127 2157 1286 2200; x_wconf 74' lang='lat' dir='ltr'>Apuliae</span> <span class='ocrx_word' id='word_1_405' title='bbox 1310 2157 1398 2201; x_wconf 68' lang='lat' dir='ltr'>Mb]</span> <span class='ocrx_word' id='word_1_406' title='bbox 1433 2156 1503 2190; x_wconf 89' lang='lat' dir='ltr'>wie</span> <span class='ocrx_word' id='word_1_407' title='bbox 1529 2155 1619 2190; x_wconf 86' lang='lat' dir='ltr'>zwei</span> <span class='ocrx_word' id='word_1_408' title='bbox 1644 2155 1756 2189; x_wconf 86' lang='lat' dir='ltr'>Jahre</span> 
     </span>
     <span class='ocr_line' id='line_1_62' title="bbox 1017 2205 1378 2245; baseline -0.003 -6"><span class='ocrx_word' id='word_1_409' title='bbox 1017 2205 1166 2245; x_wconf 87' lang='lat' dir='ltr'>vorher;</span> <span class='ocrx_word' id='word_1_410' title='bbox 1195 2207 1249 2245; x_wconf 78' lang='lat'>22,</span> <span class='ocrx_word' id='word_1_411' title='bbox 1271 2207 1326 2245; x_wconf 78' lang='lat'>32,</span> <span class='ocrx_word' id='word_1_412' title='bbox 1347 2207 1378 2238; x_wconf 78' lang='lat'>2.</span> 
     </span>
    </p>

    <p class='ocr_par' dir='ltr' id='par_1_18' title="bbox 1019 2248 1758 2436">
     <span class='ocr_line' id='line_1_63' title="bbox 1066 2248 1756 2296; baseline -0.001 -12"><span class='ocrx_word' id='word_1_413' title='bbox 1066 2255 1097 2285; x_wconf 86' lang='lat'>9.</span> <span class='ocrx_word' id='word_1_414' title='bbox 1127 2262 1194 2294; x_wconf 77' lang='lat' dir='ltr'>per</span> <span class='ocrx_word' id='word_1_415' title='bbox 1219 2251 1384 2296; x_wconf 73' lang='lat' dir='ltr'>hiberna]</span> <span class='ocrx_word' id='word_1_416' title='bbox 1419 2248 1612 2293; x_wconf 83' lang='lat' dir='ltr'>temporal‚</span> <span class='ocrx_word' id='word_1_417' title='bbox 1640 2248 1756 2283; x_wconf 86' lang='lat' dir='ltr'>durch</span> 
     </span>
     <span class='ocr_line' id='line_1_64' title="bbox 1019 2296 1756 2342; baseline -0.004 -10"><span class='ocrx_word' id='word_1_418' title='bbox 1019 2298 1077 2332; x_wconf 88' lang='lat' dir='ltr'>die</span> <span class='ocrx_word' id='word_1_419' title='bbox 1099 2297 1269 2341; x_wconf 81' lang='lat' dir='ltr'>Stellung</span> <span class='ocrx_word' id='word_1_420' title='bbox 1288 2298 1475 2342; x_wconf 85' lang='lat' dir='ltr'>gehoben:</span> <span class='ocrx_word' id='word_1_421' title='bbox 1498 2296 1670 2330; x_wconf 75' lang='lat' dir='ltr'>wahrend</span> <span class='ocrx_word' id='word_1_422' title='bbox 1691 2296 1756 2330; x_wconf 82' lang='lat' dir='ltr'>der</span> 
     </span>
     <span class='ocr_line' id='line_1_65' title="bbox 1019 2342 1758 2379; baseline -0.004 0"><span class='ocrx_word' id='word_1_423' title='bbox 1019 2345 1257 2379; x_wconf 79' lang='lat' dir='ltr'>Winterszeit</span> <span class='ocrx_word' id='word_1_424' title='bbox 1312 2345 1481 2379; x_wconf 79' lang='lat' dir='ltr'>bedurfte</span> <span class='ocrx_word' id='word_1_425' title='bbox 1537 2354 1574 2378; x_wconf 80' lang='lat' dir='ltr'>es</span> <span class='ocrx_word' id='word_1_426' title='bbox 1629 2342 1758 2377; x_wconf 82' lang='lat' dir='ltr'>keincr</span> 
     </span>
     <span class='ocr_line' id='line_1_66' title="bbox 1020 2391 1412 2436; baseline 0.005 -11"><span class='ocrx_word' id='word_1_427' title='bbox 1020 2391 1167 2436; x_wconf 81' lang='lat' dir='ltr'>grossen</span> <span class='ocrx_word' id='word_1_428' title='bbox 1192 2392 1412 2436; x_wconf 85' lang='lat' dir='ltr'>Besatzung.</span> 
     </span>
    </p>

    <p class='ocr_par' dir='ltr' id='par_1_19' title="bbox 1019 2437 1758 2625">
     <span class='ocr_line' id='line_1_67' title="bbox 1062 2437 1758 2484; baseline -0.004 -11"><span class='ocrx_word' id='word_1_429' title='bbox 1062 2439 1234 2484; x_wconf 72' lang='lat' dir='ltr'>propius]</span> <span class='ocrx_word' id='word_1_430' title='bbox 1262 2439 1385 2473; x_wconf 84' lang='lat' dir='ltr'>hinter</span> <span class='ocrx_word' id='word_1_431' title='bbox 1405 2438 1475 2472; x_wconf 90' lang='lat' dir='ltr'>den</span> <span class='ocrx_word' id='word_1_432' title='bbox 1494 2437 1638 2471; x_wconf 88' lang='lat' dir='ltr'>Namen</span> <span class='ocrx_word' id='word_1_433' title='bbox 1658 2437 1758 2471; x_wconf 88' lang='lat' dir='ltr'>einer</span> 
     </span>
     <span class='ocr_line' id='line_1_68' title="bbox 1021 2483 1755 2530; baseline -0.004 -10"><span class='ocrx_word' id='word_1_434' title='bbox 1021 2485 1129 2520; x_wconf 84' lang='lat' dir='ltr'>Stadt</span> <span class='ocrx_word' id='word_1_435' title='bbox 1154 2488 1306 2530; x_wconf 83' lang='lat' dir='ltr'>gesetzt,</span> <span class='ocrx_word' id='word_1_436' title='bbox 1332 2486 1393 2520; x_wconf 89' lang='lat' dir='ltr'>bei</span> <span class='ocrx_word' id='word_1_437' title='bbox 1419 2485 1557 2520; x_wconf 87' lang='lat' dir='ltr'>andern</span> <span class='ocrx_word' id='word_1_438' title='bbox 1583 2483 1755 2518; x_wconf 76' lang='lat' dir='ltr'>Wortern</span> 
     </span>
     <span class='ocr_line' id='line_1_69' title="bbox 1020 2531 1757 2576; baseline -0.004 -9"><span class='ocrx_word' id='word_1_439' title='bbox 1020 2544 1085 2567; x_wconf 85' lang='lat' dir='ltr'>vor</span> <span class='ocrx_word' id='word_1_440' title='bbox 1123 2534 1205 2567; x_wconf 84' lang='lat' dir='ltr'>dem</span> <span class='ocrx_word' id='word_1_441' title='bbox 1245 2535 1373 2567; x_wconf 86' lang='lat' dir='ltr'>Aecus.</span> <span class='ocrx_word' id='word_1_442' title='bbox 1414 2532 1583 2576; x_wconf 75' lang='lat' dir='ltr'>(propius</span> <span class='ocrx_word' id='word_1_443' title='bbox 1625 2531 1757 2565; x_wconf 76' lang='lat' dir='ltr'>hostem</span> 
     </span>
     <span class='ocr_line' id='line_1_70' title="bbox 1019 2580 1504 2625; baseline -0.006 -11"><span class='ocrx_word' id='word_1_444' title='bbox 1019 2580 1112 2625; x_wconf 78' lang='lat' dir='ltr'>Kap.</span> <span class='ocrx_word' id='word_1_445' title='bbox 1140 2585 1195 2623; x_wconf 76' lang='lat'>26,</span> <span class='ocrx_word' id='word_1_446' title='bbox 1223 2584 1263 2622; x_wconf 73' lang='lat'>33</span> <span class='ocrx_word' id='word_1_447' title='bbox 1289 2584 1345 2622; x_wconf 78' lang='lat'>22,</span> <span class='ocrx_word' id='word_1_448' title='bbox 1372 2583 1427 2622; x_wconf 77' lang='lat'>⁴24,</span> <span class='ocrx_word' id='word_1_449' title='bbox 1454 2581 1504 2622; x_wconf 81' lang='lat'>5).</span> 
     </span>
    </p>

    <p class='ocr_par' dir='ltr' id='par_1_20' title="bbox 1019 2623 1760 2813">
     <span class='ocr_line' id='line_1_71' title="bbox 1069 2623 1754 2672; baseline -0.006 -11"><span class='ocrx_word' id='word_1_450' title='bbox 1069 2631 1121 2661; x_wconf 88' lang='lat'>10.</span> <span class='ocrx_word' id='word_1_451' title='bbox 1161 2628 1255 2662; x_wconf 73' lang='lat' dir='ltr'>nihil</span> <span class='ocrx_word' id='word_1_452' title='bbox 1285 2626 1444 2672; x_wconf 63' lang='lat' dir='ltr'>admod]</span> <span class='ocrx_word' id='word_1_453' title='bbox 1485 2635 1580 2670; x_wconf 85' lang='lat' dir='ltr'>„gar</span> <span class='ocrx_word' id='word_1_454' title='bbox 1611 2623 1754 2666; x_wconf 86' lang='lat' dir='ltr'>nicht“,</span> 
     </span>
     <span class='ocr_line' id='line_1_72' title="bbox 1019 2671 1760 2719; baseline -0.005 -11"><span class='ocrx_word' id='word_1_455' title='bbox 1019 2675 1092 2718; x_wconf 79' lang='lat' dir='ltr'>vgl.</span> <span class='ocrx_word' id='word_1_456' title='bbox 1115 2675 1348 2719; x_wconf 78' lang='lat' dir='ltr'>Kap.29,14.</span> <span class='ocrx_word' id='word_1_457' title='bbox 1370 2694 1414 2699; x_wconf 96' lang='lat'><strong>—</strong></span> <span class='ocrx_word' id='word_1_458' title='bbox 1437 2674 1478 2707; x_wconf 73' lang='lat' dir='ltr'>in</span> <span class='ocrx_word' id='word_1_459' title='bbox 1502 2671 1641 2716; x_wconf 78' lang='lat' dir='ltr'>aperto]</span> <span class='ocrx_word' id='word_1_460' title='bbox 1671 2671 1760 2714; x_wconf 75' lang='lat' dir='ltr'>„auf</span> 
     </span>
     <span class='ocr_line' id='line_1_73' title="bbox 1020 2718 1756 2765; baseline -0.005 -10"><span class='ocrx_word' id='word_1_461' title='bbox 1020 2722 1176 2756; x_wconf 86' lang='lat' dir='ltr'>offenem</span> <span class='ocrx_word' id='word_1_462' title='bbox 1191 2721 1338 2765; x_wconf 83' lang='lat' dir='ltr'>Felde“,</span> <span class='ocrx_word' id='word_1_463' title='bbox 1356 2721 1450 2755; x_wconf 89' lang='lat' dir='ltr'>ohne</span> <span class='ocrx_word' id='word_1_464' title='bbox 1465 2719 1579 2753; x_wconf 85' lang='lat' dir='ltr'>durch</span> <span class='ocrx_word' id='word_1_465' title='bbox 1594 2718 1756 2762; x_wconf 85' lang='lat' dir='ltr'>Mauern,</span> 
     </span>
     <span class='ocr_line' id='line_1_74' title="bbox 1019 2765 1724 2813; baseline -0.004 -11"><span class='ocrx_word' id='word_1_466' title='bbox 1019 2769 1151 2813; x_wconf 78' lang='lat' dir='ltr'>Hu&#39;gel,</span> <span class='ocrx_word' id='word_1_467' title='bbox 1173 2768 1325 2802; x_wconf 59' lang='lat' dir='ltr'>WV&#39;alder</span> <span class='ocrx_word' id='word_1_468' title='bbox 1350 2767 1541 2811; x_wconf 72' lang='lat' dir='ltr'>geschfitzt</span> <span class='ocrx_word' id='word_1_469' title='bbox 1567 2777 1610 2799; x_wconf 88' lang='lat' dir='ltr'>zu</span> <span class='ocrx_word' id='word_1_470' title='bbox 1637 2765 1724 2799; x_wconf 83' lang='lat' dir='ltr'>sein.</span> 
     </span>
    </p>

    <p class='ocr_par' dir='ltr' id='par_1_21' title="bbox 1020 2812 1757 2906">
     <span class='ocr_line' id='line_1_75' title="bbox 1070 2812 1756 2858; baseline -0.006 -9"><span class='ocrx_word' id='word_1_471' title='bbox 1070 2820 1121 2849; x_wconf 92' lang='lat'>11.</span> <span class='ocrx_word' id='word_1_472' title='bbox 1172 2826 1234 2850; x_wconf 74' lang='lat' dir='ltr'>sex</span> <span class='ocrx_word' id='word_1_473' title='bbox 1277 2814 1394 2858; x_wconf 84' lang='lat' dir='ltr'>milia]</span> <span class='ocrx_word' id='word_1_474' title='bbox 1445 2813 1496 2847; x_wconf 86' lang='lat' dir='ltr'>im</span> <span class='ocrx_word' id='word_1_475' title='bbox 1540 2812 1756 2846; x_wconf 84' lang='lat' dir='ltr'>wirklichen</span> 
     </span>
     <span class='ocr_line' id='line_1_76' title="bbox 1020 2859 1757 2906; baseline -0.005 -10"><span class='ocrx_word' id='word_1_476' title='bbox 1020 2862 1167 2906; x_wconf 74' lang='lat' dir='ltr'>Dienst,</span> <span class='ocrx_word' id='word_1_477' title='bbox 1200 2862 1294 2896; x_wconf 83' lang='lat' dir='ltr'>nach</span> <span class='ocrx_word' id='word_1_478' title='bbox 1327 2861 1410 2895; x_wconf 88' lang='lat' dir='ltr'>dem</span> <span class='ocrx_word' id='word_1_479' title='bbox 1439 2859 1531 2903; x_wconf 87' lang='lat' dir='ltr'>Kap.</span> <span class='ocrx_word' id='word_1_480' title='bbox 1554 2862 1609 2903; x_wconf 80' lang='lat'>35,</span> <span class='ocrx_word' id='word_1_481' title='bbox 1632 2862 1675 2893; x_wconf 84' lang='grc'>19</span> <span class='ocrx_word' id='word_1_482' title='bbox 1703 2869 1757 2893; x_wconf 86' lang='lat' dir='ltr'>er-</span> 
     </span>
    </p>
   </div>
  </div>
 </body>
</html>
