1882 3163
121 458 164 488 13
192 460 240 487 ac
273 446 471 487 stabilem
503 446 595 488 fore
638 447 796 501 populo
830 446 1038 490 Romano.

120 746 169 781 38

137 1287 156 1318 5

193 101 249 143 58

669 100 813 136 LIBER
836 101 950 138 XXII.
1000 102 1103 138 CAP.
1130 107 1185 139 37.
1213 108 1268 140 38.

1595 122 1620 140 a.
1640 122 1669 142 u.
1687 116 1750 143 538.

193 209 448 265 quibusdam
481 209 672 251 adlatum
699 210 839 265 gratia
871 211 933 252 rei
965 215 1140 265 accepta
1171 227 1260 254 non
1292 212 1506 266 accepisse
1537 214 1745 267 populum

122 280 164 311 12
191 269 458 310 Romanum:
495 268 729 310 Victoriam
755 283 964 324 omenque
990 271 1193 325 accipere,
1220 271 1446 326 sedemque
1478 272 1516 312 ei
1549 287 1592 313 se
1619 272 1740 315 divae

192 328 292 369 dare
325 328 465 368 dicare
500 326 775 383 Capitolium,
805 330 1013 383 templum
1044 329 1158 371 Iovis
1193 330 1345 384 optimi
1376 330 1565 373 maximi.
1614 331 1660 372 in
1691 346 1742 373 ea

192 401 286 428 arce
317 386 435 428 urbis
462 386 683 428 Romanae
719 390 930 429 sacratam
961 389 1176 431 volentem
1213 389 1545 444 propitiamque,
1577 390 1745 432 firmam

1099 448 1337 489 funditores
1372 448 1670 504 sagittariique
1702 452 1745 491 et

190 505 454 546 frumentum
485 505 692 547 traditum
724 506 982 550 consulibus,
1038 508 1364 562 quinqueremes
1397 507 1449 548 ad
1478 506 1537 532 *³³⁶
1570 508 1746 550 navium

192 565 390 617 classem,
443 579 551 619 quae
589 579 684 606 cum
727 565 773 607 T.
812 564 996 607 Otacilio
1041 570 1316 620 propraetore
1361 566 1404 607 in
1450 565 1598 608 Sicilia
1643 570 1746 622 erat,

192 625 380 678 quinque
413 625 456 664 et
487 623 641 678 viginti
673 624 866 678 additae,
897 625 1236 680 permissumque
1269 628 1350 680 est,
1382 629 1448 680 ut,
1480 626 1516 667 si
1549 640 1570 666 e
1599 641 1644 667 re
1670 642 1745 681 pu-

192 682 304 724 blica
336 685 528 724 censeret
560 697 670 737 esse,
696 684 742 724 in
772 683 962 726 Africam
994 684 1204 726 traiceret.

312 741 481 783 Dilectu
522 742 711 796 perfecto
756 743 952 784 consules
996 758 1154 798 paucos
1199 744 1355 785 morati
1400 743 1507 797 dies,
1557 743 1657 784 dum
1694 744 1746 785 ab

144 813 164 843 2
193 801 321 842 sociis
350 816 398 842 ac
424 801 599 843 nomine
624 801 779 843 Latino
801 802 998 843 venirent
1023 802 1196 843 milites.
1239 805 1350 856 tum,
1377 802 1489 856 quod
1509 817 1742 857 numquam

193 864 320 901 antea
357 860 517 902 factum
556 864 667 914 erat,
711 861 801 902 iure
839 861 1018 902 iurando
1059 861 1111 902 ab
1157 861 1340 902 tribunis
1378 862 1564 902 militum
1604 861 1746 903 adacti

192 920 370 961 milites:
410 934 508 960 nam
542 920 595 960 ad
633 934 725 960 eam
753 920 866 961 diem
908 920 1018 961 nihil
1050 922 1220 973 praeter
1252 923 1563 962 sacramentum
1595 921 1748 973 fuerat,

135 991 155 1022 3
189 978 310 1020 iussu
345 979 530 1020 consulis
563 980 847 1020 conventuros
879 993 1015 1033 neque
1047 979 1213 1020 iniussu
1252 979 1466 1032 abituros,
1507 982 1551 1020 et
1582 980 1657 1020 ubi
1690 980 1744 1021 ad

189 1037 456 1078 decuriatum
496 1040 570 1078 aut
609 1038 893 1079 centuriatum
933 1038 1248 1091 convenissent,
1293 1053 1370 1079 sua
1410 1037 1631 1079 voluntate
1662 1039 1747 1093 ipsi

137 1109 158 1139 4
184 1097 294 1137 inter
323 1111 415 1137 sese
442 1096 647 1138 decuriati
680 1096 841 1150 equites
875 1096 1104 1137 centuriati
1137 1097 1302 1150 pedites
1336 1096 1620 1138 coniurabant
1652 1111 1746 1138 sese

184 1155 311 1210 fugae
354 1158 480 1210 atque
514 1155 755 1197 formidinis
799 1168 902 1209 ergo
941 1170 1029 1196 non
1071 1156 1285 1209 abituros,
1328 1169 1465 1210 neque
1511 1169 1561 1196 ex
1601 1155 1750 1197 ordine

184 1229 428 1256 recessuros
461 1215 544 1256 nisi
576 1215 650 1256 teli
685 1214 881 1256 sumendi
915 1217 989 1256 aut
1020 1215 1240 1268 repetendi
1274 1217 1348 1256 aut
1386 1214 1525 1256 hostis
1563 1214 1747 1256 feriendi

185 1276 259 1315 aut
290 1274 394 1315 civis
428 1273 625 1315 servandi
658 1288 798 1315 causa.

858 1273 901 1314 id
935 1288 985 1314 ex
1016 1274 1257 1315 voluntario
1289 1275 1402 1315 inter
1427 1273 1544 1328 ipsos
1571 1273 1745 1316 foedere

185 1333 237 1374 ad
269 1333 467 1374 tribunos
500 1348 549 1374 ac
580 1333 819 1387 legitimam
851 1333 954 1374 iuris
980 1333 1149 1374 iurandi
1176 1333 1441 1375 adactionem
1466 1332 1740 1374 translatum.

233 1465 381 1496 11—13.
407 1462 530 1506 qratia
548 1462 602 1496 rei
625 1473 658 1495 a.
680 1460 740 1495 die
760 1473 802 1495 zu
823 1461 930 1495 Dank

185 1508 476 1553 verpflichtende
515 1508 745 1553 Gesinnung,
789 1508 928 1543 welche

184 1555 261 1590 sich
286 1556 322 1590 in
352 1556 435 1591 dem
454 1556 679 1590 Anerbieten
707 1555 927 1600 ausspricht',

183 1603 273 1637 kurz
303 1603 427 1638 ‘unter
448 1603 571 1637 bester
591 1603 843 1646 Verdankung
864 1603 927 1636 des

183 1650 459 1693 Anerbietens',
474 1661 512 1685 so
528 1650 608 1684 dass
624 1650 683 1684 die
697 1650 832 1684 Romer
847 1650 924 1684 sich

182 1699 498 1780 ῗὲιῗῗεὲῗῃέᾒε
523 1697 658 1787 Ξιῗῖἱῖῗὲῗ
684 1697 926 1788 Ζζέἷξίἒὲἓῗὲἶ

182 1803 246 1836 ges
284 1792 499 1836 Asyndeton
543 1792 606 1826 des
647 1792 746 1826 alten
785 1790 923 1825 Curial-

183 1838 287 1874 stiles
315 1841 380 1884 (im
402 1839 540 1882 Corpus
566 1839 654 1874 iuris
675 1839 764 1873 dare
783 1839 923 1884 legare)

182 1886 252 1921 wie
278 1886 316 1921 in
342 1887 412 1921 den
439 1887 609 1921 Formeln
648 1886 768 1921 velitis
800 1886 925 1920 iubea-

182 1933 248 1977 tis,
282 1936 390 1969 nocte
417 1933 566 1969 silentio
592 1946 625 1968 u.
654 1937 684 1968 a.
713 1946 757 1967 zu
782 1937 838 1974 21,
869 1937 925 1977 63,

184 1985 215 2016 9.
256 2002 298 2006 -—
342 1982 513 2016 volentem
544 1982 833 2025 propitiamque,
871 1981 926 2015 oft

184 2028 417 2072 asyndetisch
443 2033 506 2071 24,
533 2032 598 2071 21,
629 2032 683 2071 10,
709 2028 790 2062 hier
813 2028 928 2062 durch

184 2075 317 2119 copula
344 2076 556 2110 verbunden
582 2086 709 2119 wegen
736 2074 800 2109 der
823 2075 926 2117 Sym-

182 2122 314 2156 me‘trie
339 2123 408 2156 mit
434 2122 517 2156 dem
543 2122 695 2156 zweiten
722 2122 838 2156 Paare
870 2122 927 2155 fir-

184 2179 282 2203 mam
318 2180 361 2203 ac
394 2169 485 2203 stab.
520 2173 584 2211 33,
620 2173 681 2211 21,
710 2173 740 2202 5.
781 2189 824 2193 —
863 2168 882 2187 ‘⁴⁴‘
909 2168 928 2188 '³‘

184 2217 344 2251 navium.
401 2216 458 2250 Da
490 2216 554 2249 das
586 2216 681 2249 nach
718 2215 814 2250 Vibo
847 2217 926 2249 ent—

185 2264 311 2298 sandte
403 2262 926 2306 Beobachtungsgeschwader

185 2311 280 2345 ohne
307 2310 455 2344 Zweifel
482 2310 618 2344 wieder
649 2322 691 2343 zu
714 2309 778 2342 der
804 2309 927 2343 Flotte

186 2358 248 2391 des
264 2358 412 2392 Prators
433 2356 612 2391 Aemilius
639 2356 824 2401 gestol'sen
852 2368 928 2390 war

185 2406 256 2448 (21,
277 2408 333 2448 51,
355 2405 402 2449 6),
430 2416 469 2439 so
490 2404 659 2449 verfiigte
674 2415 760 2437 man
775 2404 813 2436 in
829 2403 926 2447 Lily-

184 2452 296 2486 b'aum
339 2452 429 2486 iiber
470 2454 512 2486 75
551 2451 815 2493 Fi'jnfruderer,
853 2450 927 2484 und

185 2500 281 2533 nach
324 2498 525 2533 Eintreffen
570 2499 635 2533 der
672 2497 928 2542 Verst‘arkung

185 2547 276 2581 fiber
305 2550 389 2590 100,
416 2547 496 2581 eine
522 2545 651 2580 Macht
676 2544 826 2580 'ahnlich
852 2545 927 2587 der,

186 2593 255 2627 mit
297 2594 456 2628 welcher
501 2593 594 2628 auch
634 2592 810 2627 Servilius
849 2591 928 2626 eine

186 2641 369 2686 Landung
402 2642 550 2686 gewagt
580 2639 702 2683 hatte,
743 2650 772 2673 c.
799 2643 861 2681 31,
890 2643 926 2673 1:

187 2688 245 2721 fiir
278 2688 512 2722 ernstlichere
540 2686 791 2732 Operationen
823 2687 926 2720 hatte

185 2745 226 2814 ἐξ
258 2735 370 2816 θΙίξεῑδ
388 2734 578 2780 grosseren
610 2733 732 2769 Flotte
768 2733 927 2775 bedurft,

232 2809 297 2869 ³38,
317 2810 436 2863 '1—3.
476 2840 594 2873 namq.
629 2832 737 2863 antea
763 2832 823 2863 etc.
857 2827 926 2860 wie

185 2885 214 2909 c.
255 2878 293 2917 8,
330 2880 366 2917 63
412 2876 471 2910 die
496 2875 763 2919 Beobachtung
796 2875 929 2919 gehort

1005 1460 1313 1496 wahrscheinlich
1330 1460 1414 1495 dem
1428 1459 1747 1505 rechtskundigen

1004 1508 1160 1543 Coelius.
1194 1528 1238 1533 -
1270 1511 1552 1551 sacramentum,
1586 1508 1651 1542 der
1677 1507 1747 1543 all-

1001 1556 1170 1599 gemeine
1184 1555 1396 1589 Militareid.
1420 1576 1462 1579 —
1483 1555 1587 1589 iussu
1606 1582 1613 1589 .
1637 1584 1643 1590 .
1666 1555 1745 1589 abi-

1000 1605 1100 1637 turos
1131 1603 1252 1647 geben
1283 1602 1388 1636 nicht
1420 1602 1491 1636 den
1523 1601 1649 1636 Inhalt
1680 1601 1745 1636 des

1000 1661 1117 1684 neuen
1162 1650 1290 1693 Eides,
1342 1649 1500 1683 sondern
1552 1648 1746 1684 enthalten

999 1696 1095 1731 nach
1121 1701 1152 1739 3,
1174 1701 1230 1739 20,
1251 1701 1271 1731 3
1293 1696 1352 1730 die
1372 1695 1519 1731 Formel
1540 1695 1602 1730 des
1626 1695 1741 1731 alten.

1000 1765 1043 1768 —
1070 1748 1316 1786 conventuros,
1341 1743 1410 1778 wie
1429 1742 1492 1777 bei
1513 1743 1578 1777 der
1598 1742 1742 1777 Samm-

998 1791 1089 1835 lung
1128 1791 1191 1825 des
1229 1791 1366 1826 Heeres
1402 1790 1465 1824 des
1506 1789 1744 1835 Sempronius

998 1839 1037 1872 in
1062 1838 1285 1880 Ariminum,
1318 1850 1362 1872 zu
1388 1841 1449 1879 21,
1475 1841 1537 1880 51,
1565 1841 1597 1872 6.
1623 1858 1668 1862 -—
1696 1838 1746 1872 ad

998 1887 1242 1929 decuriatum,
1276 1884 1410 1920 behufs
1437 1885 1500 1919 der
1526 1884 1743 1929 Einteilung

997 1933 1036 1967 in
1062 1933 1260 1976 Decurien3
1303 1931 1455 1976 Madvig
1488 1931 1654 1966 schreibt
1679 1931 1742 1966 de-

998 1980 1215 2014 curiandum
1246 1980 1321 2014 und
1354 1978 1653 2023 centuriandum,
1693 1978 1742 2013 da

1002 2028 1067 2062 das
1082 2027 1306 2062 Gerundium
1321 2026 1359 2061 in
1380 2026 1444 2060 der
1464 2026 1564 2060 alten
1579 2026 1744 2070 Sprache

1001 2074 1125 2119 passiv
1159 2074 1364 2118 gebraucht
1389 2073 1532 2115 wurde,
1566 2085 1594 2106 z.
1624 2073 1662 2106 B.
1697 2073 1745 2107 ad

1000 2121 1268 2164 imperandum,
1288 2132 1350 2154 um
1369 2119 1521 2154 Befehle
1543 2120 1741 2163 entgegen-

1000 2167 1223 2209 zunehmen,
1256 2167 1344 2201 Sall.
1378 2166 1461 2210 Jug.
1490 2169 1550 2208 62,
1585 2169 1616 2201 8.
1669 2165 1744 2200 Cic.

999 2214 1117 2258 Epist.
1145 2218 1176 2257 9,
1203 2217 1260 2258 25,
1287 2217 1319 2247 2.
1347 2234 1390 2238 -
1421 2213 1681 2255 coniurabant,
1705 2212 1745 2247 in

999 2261 1250 2305 Abteiluugen
1276 2261 1383 2295 einen
1408 2259 1476 2293 Eid
1511 2259 1658 2303 leisten3
1699 2272 1743 2294 zu

1001 2320 1029 2343 c.
1058 2313 1114 2351 33,
1144 2312 1174 2342 2.

1047 2359 1079 2390 4.
1107 2359 1139 2390 5.
1173 2356 1283 2399 fuya&
1308 2358 1413 2398 atque
1437 2355 1541 2397 form.
1568 2353 1744 2389 stehende

1001 2402 1260 2446 Verbindung,
1290 2406 1343 2445 10,
1375 2406 1428 2445 14,
1460 2404 1515 2436 20.
1567 2400 1638 2435 Cic.
1666 2402 1744 2435 Att.

1001 2453 1033 2492 8,
1062 2454 1115 2493 14,
1144 2454 1173 2484 1.
1201 2452 1255 2483 55.
1291 2469 1334 2474 —-
1367 2459 1459 2493 erqo,
1488 2449 1526 2482 in
1553 2448 1742 2492 Gesetzen,

1001 2496 1372 2531 Senatsbeschh'issen
1407 2495 1481 2529 und
1509 2494 1742 2538 Inschriften,

999 2555 1097 2578 nam.
1124 2544 1185 2578 bei
1210 2543 1273 2577 der
1294 2542 1544 2587 Begri'indung
1564 2541 1742 2576 ehrender

1005 2591 1331 2635 Auszeichnungen
1358 2590 1396 2624 in
1418 2590 1481 2623 der
1502 2588 1742 2632 Verbindung

1002 2639 1150 2672 virtutis
1177 2649 1282 2682 ergo,
1309 2640 1371 2680 25,
1399 2640 1435 2679 7,
1462 2639 1494 2670 4.
1533 2639 1594 2678 31,
1627 2639 1681 2679 15,
1709 2640 1739 2669 7.

1000 2685 1208 2720 formidinis
1234 2695 1338 2729 ergo,
1371 2683 1475 2717 Lucr.
1503 2685 1540 2724 5,
1569 2685 1669 2717 1245.
1697 2703 1741 2707 -

999 2733 1184 2775 sumendi,
1215 2731 1327 2766 holen
1353 2741 1417 2764 aus
1444 2730 1514 2764 den
1535 2729 1657 2763 hinter
1676 2729 1741 2763 der

999 2780 1115 2813 Front
1140 2778 1386 2814 befindlichen
1412 2776 1609 2817 Veri-atem
1643 2787 1740 2820 repe-

999 2828 1112 2868 tendi,
1144 2838 1209 2860 aus
1236 2826 1307 2859 den
1332 2823 1474 2858 Reihen
1503 2823 1569 2857 der
1593 2822 1742 2866 Feinde,

1002 2877 1054 2917 10,
1081 2877 1136 2915 29,
1164 2877 1194 2908 6.
