1882 3163
127 1051 168 1081 11
194 1038 353 1079 randae
385 1038 475 1078 eius
518 1037 762 1078 intervenit.

198 118 251 158 18
735 116 879 151 LIBER
905 117 1017 152 XXV.
1059 116 1158 152 CAP.
1187 122 1217 153 7.

1559 136 1583 154 a.
1603 137 1630 154 u.
1652 136 1677 155 c.
1699 130 1761 156 542.

149 226 169 257 6
196 214 404 268 donisque
441 213 760 268 persignandis,
804 213 928 254 alteri
965 213 1204 255 reficiendis
1244 214 1419 255 aedibus
1458 214 1676 256 Fortunae
1717 218 1760 257 et

195 273 345 314 matris
376 272 567 314 Matutae
596 272 710 313 intra
747 274 915 326 portam
949 271 1265 314 Carmentalem
1304 275 1346 314 et
1383 272 1482 327 Spei
1514 276 1635 315 extra
1665 289 1760 328 por-

195 335 298 385 tam,
330 346 439 386 quae
470 331 612 385 priore
645 345 757 372 anno
790 331 985 373 incendio
1018 334 1295 386 consumptae
1326 331 1508 374 fuerant.

315 390 612 444 Tempestates
643 390 793 431 foedae
824 390 960 432 fuere:
999 390 1046 431 in
1076 390 1247 431 Albano
1280 393 1425 432 monte
1458 391 1633 432 biduum
1665 405 1761 433 con-

195 450 380 491 tinenter
399 449 613 503 lapidibus
632 449 781 503 pluvit.
830 450 947 490 tacta
967 449 1017 490 de
1043 449 1160 491 caelo
1180 450 1329 503 multa,
1350 449 1457 490 duae
1477 450 1523 491 in
1543 448 1759 504 Capitolio

197 508 334 562 aedes,
368 508 532 549 vallum
563 508 610 549 in
642 508 793 550 castris
825 508 972 549 multis
1005 508 1110 549 locis
1144 523 1274 562 supra
1306 506 1572 563 Suessulam,
1604 511 1647 550 et
1677 509 1760 550 duo

149 579 168 609 8
195 566 346 622 vigiles
380 566 630 620 exanimati,
668 581 815 608 murus
846 569 1067 621 turresque
1106 567 1316 621 quaedam
1348 565 1495 608 Cumis
1526 582 1616 609 non
1651 567 1760 609 ictae

195 626 323 667 modo
344 625 596 667 fulminibus
618 625 690 666 sed
711 626 841 667 etiam
867 626 1080 667 decussae.
1125 625 1257 667 Reate
1279 640 1429 667 saxum
1448 626 1600 681 ingens
1621 626 1761 668 visum

149 697 168 727 9
195 685 395 738 volitare,
427 685 491 726 sol
522 685 672 726 rubere
705 685 832 726 solito
864 685 1003 739 magis
1036 685 1354 739 sanguineoque
1386 685 1553 726 similis.

1607 685 1761 726 horum

194 743 491 798 prodigiorum
522 758 651 785 causa
683 743 796 784 diem
828 758 960 784 unum
994 744 1247 798 supplicatio
1278 744 1378 798 fuit,
1417 747 1459 784 et
1489 759 1565 797 per
1598 744 1762 797 aliquot

196 803 285 844 dies
325 803 518 844 consules
556 803 685 843 rebus
724 802 879 843 divinis
918 816 1092 856 operam
1130 802 1357 857 dederunt,
1394 805 1437 843 et
1472 817 1550 856 per
1589 802 1761 844 eosdem

197 861 285 902 dies
319 876 485 903 sacrum
517 861 785 902 novemdiale
817 860 910 901 fuit.

316 919 424 962 Cum
457 920 787 961 Tarentinorum
820 919 1001 961 defectio
1034 919 1121 960 iam
1153 919 1225 960 diu
1263 922 1307 960 et
1337 920 1381 960 in
1416 934 1490 973 spe
1522 919 1758 962 Hannibali

197 981 240 1020 et
270 980 316 1020 in
349 979 588 1033 suspicione
620 978 827 1019 Romanis
861 980 990 1031 esset,
1023 992 1150 1019 causa
1182 978 1291 1019 forte
1325 979 1589 1020 extrinsecus
1622 982 1758 1020 matu-

824 1036 995 1077 Phileas
1028 1037 1284 1078 Tarentinus
1324 1037 1396 1077 diu
1433 1037 1518 1077 iam
1555 1052 1631 1091 per
1669 1052 1760 1092 spe-

196 1097 304 1138 ciem
335 1096 564 1151 legationis
585 1096 751 1138 Romae
784 1110 878 1137 cum
912 1097 1036 1150 esset,
1062 1096 1127 1136 vir
1153 1096 1334 1150 inquieti
1361 1095 1493 1136 animi
1520 1098 1563 1137 et
1587 1096 1761 1138 minime

196 1156 344 1209 otium,
376 1169 459 1210 quo
491 1157 584 1196 tum
616 1155 783 1196 diutino
818 1168 1035 1195 senescere
1068 1154 1312 1209 videbatur,
1344 1154 1567 1208 patientis,
1599 1155 1763 1196 aditum

127 1227 167 1257 12
196 1214 280 1255 sibi
312 1214 365 1255 ad
397 1214 568 1255 obsides
600 1213 852 1255 Tarentinos
882 1217 919 1254 et
944 1212 1160 1254 Thurinos
1186 1213 1362 1254 invenit.
1411 1213 1762 1255 custodiebantur

194 1274 240 1314 in
272 1273 380 1314 atrio
414 1272 648 1314 Libertatis
680 1273 845 1314 minore
878 1286 994 1326 cura,
1027 1272 1127 1327 quia
1157 1286 1235 1314 nec
1266 1272 1372 1326 ipsis
1403 1286 1481 1314 nec
1515 1272 1760 1314 civitatibus

126 1346 167 1376 13
197 1346 345 1373 eorum
387 1332 536 1373 fallere
580 1332 800 1374 Romanos
847 1331 1111 1385 expediebat.

1186 1331 1266 1373 hos
1315 1331 1475 1372 crebris
1521 1331 1760 1385 conloquiis

197 1391 452 1432 sollicitatos
487 1391 698 1445 corruptis
733 1390 917 1432 aedituis
952 1389 1117 1432 duobus
1152 1405 1248 1431 cum
1279 1390 1430 1444 primis
1469 1390 1658 1432 tenebris
1692 1405 1761 1431 cu-

198 1450 340 1491 stodia
379 1449 614 1503 eduxisset,
654 1449 747 1504 ipse
792 1464 932 1491 comes
972 1449 1128 1490 occulti
1165 1448 1334 1489 itineris
1374 1449 1515 1490 factus
1555 1449 1763 1503 profugit.

246 1605 275 1635 7.
303 1600 548 1645 Aufgeziihlte
568 1600 772 1644 Prodigien
792 1600 941 1634 werden

198 1647 436 1692 gewohnlich
462 1648 578 1681 durch
604 1652 636 1682 et
663 1647 733 1681 mit
765 1647 942 1681 einander

196 1695 429 1737 verbunden3
449 1694 532 1729 hier
550 1695 618 1728 hat
636 1694 715 1728 Liv.
738 1694 803 1728 das
824 1694 941 1737 Asyn-

199 1742 313 1776 (161011
339 1752 582 1786 vorgezogen.

239 1790 375 1834 pluvit]
397 1789 449 1822 im
462 1788 555 1822 Perf.
573 1789 657 1833 sagt
676 1788 715 1823 L.
732 1788 827 1822 auch
841 1789 942 1832 pluit

198 1837 309 1881 (doch
336 1838 427 1870 stets
448 1837 623 1880 pluvisse)
648 1835 725 1869 und
745 1835 943 1869 verbindet

198 1883 317 1917 damit
353 1883 428 1917 fast
461 1883 592 1917 immer
627 1883 699 1917 den
729 1882 832 1925 Abl.,
870 1881 941 1915 wie

198 1942 316 1973 carne,
344 1932 435 1965 lacte
460 1942 492 1963 u.
522 1942 547 1964 s.
576 1942 619 1965 W.

244 1982 341 2013 tacta
361 1979 404 2012 de
423 1978 534 2023 caelo]
557 1976 836 2021 gewbhnlicher
848 1976 941 2010 Aus-

198 2024 315 2058 druck
340 2024 462 2058 neben
486 2026 641 2067 fulmine
666 2025 760 2059 ictus
788 2026 819 2068 (ξ
847 2025 892 2067 8).

245 2082 358 2116 snpra
372 2071 594 2116 Suessulam]
611 2070 838 2105 auffallende
849 2070 942 2104 Stel-

198 2118 305 2162 lung3
340 2130 365 2152 s.
393 2129 435 2151 zu
461 2122 499 2161 5,
528 2123 558 2151 1.
608 2119 682 2152 Das
715 2117 834 2161 Lager
867 2128 943 2150 war

198 2169 266 2199 215
286 2176 320 2198 v.
343 2164 425 2198 Chr.
453 2175 527 2198 von
545 2164 744 2198 Marcellus
765 2164 943 2198 errichtet

197 2211 349 2246 worden
375 2211 449 2245 und
474 2211 575 2245 hiess
602 2211 697 2244 nach
723 2211 802 2244 ihm
822 2215 942 2245 castra

200 2258 420 2293 Claudiana.

247 2309 277 2339 8.
305 2306 408 2340 solito
434 2306 564 2350 rnayis]
592 2304 832 2349 gewohnlieh
852 2305 943 2348 geht

198 2352 239 2386 in
258 2352 410 2386 solchen
428 2352 722 2396 Verbindungen
740 2351 802 2385 bei
822 2351 860 2384 L.
877 2351 943 2385 der

200 2399 439 2444 Comparativ
466 2399 550 2433 dem
575 2398 657 2432 Abl.
686 2410 817 2440 voran,
846 2410 872 2431 z.
901 2398 940 2432 B.

200 2446 259 2488 22,
283 2451 337 2489 14,
358 2451 378 2481 2
406 2458 486 2481 cum
505 2447 653 2481 celerius
672 2447 776 2481 solito
795 2447 943 2480 ductum

199 2505 327 2539 aymen
352 2498 448 2528 esset.
499 2493 565 2535 24,
594 2498 655 2535 12,
684 2499 701 2528 1
734 2494 793 2527 hic
827 2493 943 2527 maior

200 2541 304 2575 solito
330 2541 541 2584 adparatus.

248 2591 278 2621 9.
300 2599 443 2622 sacram
463 2587 698 2632 novemdiale]
714 2586 942 2631 neuntiigige

198 2635 312 2676 feriae
336 2633 407 2667 mit
427 2633 678 2678 Su'hnopfern3
706 2634 780 2678 vgl.
803 2634 863 2675 21,
885 2638 941 2675 62,

201 2685 220 2714 6
253 2682 347 2725 quod
383 2682 567 2725 lapidibus
594 2682 770 2725 pluvisset
803 2682 845 2714 in
879 2680 940 2714 Pi-

200 2738 297 2770 eeno,
322 2729 543 2763 novemdiale
567 2740 709 2762 sacrum
734 2729 898 2762 edictam.

251 2774 282 2815 7,
312 2775 463 2809 10—11.
491 2774 682 2808 Tarents
708 2774 874 2808 Abfall.

250 2825 303 2853 10.
334 2822 372 2855 in
396 2832 456 2865 spe
481 2822 707 2866 Hannibali]
730 2838 774 2850 =
798 2825 942 2865 sperata

199 2867 246 2901 ab
280 2867 511 2911 Hannibale,
548 2868 617 2902 wie
651 2867 715 2911 42,
744 2873 782 2910 2,
809 2872 828 2902 3
863 2880 942 2903 cam

1015 1600 1144 1634 bellam
1160 1600 1442 1634 Macedonicam
1455 1600 1496 1633 in
1517 1600 1761 1644 expectatione

1014 1651 1101 1681 esset
1144 1663 1188 1674 =
1233 1646 1299 1679 der
1341 1646 1536 1681 Ausbruch
1588 1647 1760 1680 erwartet

1014 1693 1150 1727 wurde.
1186 1714 1228 1718 ——
1261 1695 1303 1727 in
1333 1694 1537 1737 suspicione
1568 1693 1760 1736 Romanis,

1014 1739 1084 1774 wie
1111 1739 1171 1783 24,
1198 1745 1254 1783 40,
1284 1745 1300 1774 1
1335 1751 1415 1775 cuni
1441 1740 1634 1784 Philippo,
1666 1741 1761 1785 quod

1014 1789 1089 1821 iam
1103 1791 1186 1822 ante
1205 1798 1254 1821 sn
1262 1792 1455 1831 spectum
1473 1788 1607 1830 fuerat,
1627 1792 1762 1822 motum

1016 1835 1144 1869 belluni
1170 1838 1228 1868 est.
1267 1834 1410 1868 Anders
1437 1833 1488 1868 ist
1513 1834 1573 1876 35,
1597 1838 1651 1876 12,
1673 1838 1692 1868 2
1720 1835 1761 1869 in

1015 1893 1075 1925 spe
1099 1883 1248 1924 fuerant
1274 1881 1496 1916 Antiochum
1521 1885 1721 1916 venturam.

1064 1932 1117 1963 11,
1146 1929 1269 1971 otiam,
1293 1939 1362 1973 quo
1387 1928 1548 1974 diutino]
1577 1945 1621 1957 =
1647 1929 1760 1964 otium

1015 1976 1212 2018 diutinum,
1239 1986 1317 2019 quo.
1340 2002 1347 2009 .
1370 2003 1377 2009 .

1063 2022 1252 2068 senescere]
1279 2021 1349 2055 mit
1369 2022 1454 2056 dem
1473 2022 1582 2056 Alter
1601 2022 1758 2056 schwin-

1015 2069 1079 2103 det
1093 2068 1153 2103 die
1167 2068 1428 2114 Korperkraft3
1448 2069 1563 2103 daher
1573 2068 1668 2102 wird
1682 2069 1758 2103 die-

1016 2127 1073 2150 ses
1098 2116 1262 2150 Verbum
1288 2116 1470 2160 geradezu
1489 2115 1548 2150 fiir
1570 2116 1758 2150 ‘schwach

1015 2162 1179 2196 werden’
1220 2162 1443 2206 gebraucht,
1487 2174 1527 2197 30
1564 2162 1662 2205 hier,
1704 2167 1758 2204 16,

1017 2214 1071 2244 11.
1098 2210 1133 2252 9,
1155 2214 1210 2252 27,
1232 2214 1251 2243 6
1277 2220 1452 2244 senescere
1477 2210 1652 2245 dilatione
1677 2210 1760 2244 belli

1016 2257 1109 2291 vires
1134 2257 1349 2291 videbantur
1368 2268 1401 2290 11.
1424 2257 1538 2290 3011313.
1577 2256 1758 2290 Dasselbe

1015 2303 1177 2337 Verbum
1204 2302 1319 2336 findet
1340 2302 1418 2336 sich
1438 2302 1601 2337 vielfach
1625 2302 1664 2336 in
1683 2302 1758 2338 Me-

1014 2350 1174 2394 taphern
1197 2349 1422 2393 vei-wendet‚
1449 2362 1475 2382 z.
1503 2349 1543 2384 B.
1571 2350 1631 2392 27,
1659 2354 1715 2393 20,
1736 2355 1757 2385 9

1014 2398 1115 2440 fama
1127 2396 1310 2441 Scipionis
1326 2399 1366 2432 in
1377 2398 1453 2432 dies
1468 2408 1630 2440 crescere,
1643 2397 1760 2432 Fulvi

1014 2455 1189 2479 senescere
1213 2446 1315 2487 fama
1341 2461 1384 2472 =
1410 2445 1538 2478 minui.
1578 2444 1638 2485 28,
1659 2448 1716 2486 36,
1737 2448 1757 2478 2

1015 2503 1059 2525 ne
1073 2502 1245 2526 senescere
1266 2492 1394 2525 bellam
1413 2492 1544 2526 sineret
1560 2490 1758 2524 ‘einsehla-

1015 2537 1091 2572 fen'
1120 2538 1245 2571 lassen
1270 2549 1303 2571 u.
1332 2548 1363 2572 a.
1390 2550 1436 2572 111.

1063 2585 1216 2630 invenit]
1242 2585 1393 2618 ‘wusste
1415 2584 1494 2618 sich
1515 2595 1558 2617 zu
1572 2583 1758 2618 verschaf-

1016 2631 1105 2666 fen’.

1065 2683 1118 2712 12.
1146 2680 1187 2713 in
1213 2680 1307 2713 atrio
1327 2677 1544 2723 Libertatis]
1572 2677 1756 2711 verschie—

1015 2726 1087 2759 den
1114 2736 1187 2759 von
1219 2725 1284 2759 der
1315 2726 1417 2760 aedes
1443 2725 1662 2767 Libertatis;
1694 2724 1756 2758 da.-

1013 2773 1080 2806 her
1116 2771 1168 2807 ist
1204 2772 1299 2805 auch
1336 2776 1355 2813 ξ
1389 2776 1430 2805 13
1469 2772 1638 2806 aedituus
1674 2770 1757 2813 (mit

1015 2820 1117 2854 aedes
1141 2817 1539 2862 zusammenhangend)
1565 2818 1616 2852 im
1638 2817 1753 2862 allge-

1014 2866 1162 2900 meinen
1188 2865 1298 2899 Sinne
1320 2882 1363 2894 =
1384 2869 1500 2900 custos
1519 2876 1561 2899 zu
1580 2865 1749 2899 nehmen.
