1882 3163
121 125 149 144 a.
176 118 242 144 Chr.
268 125 298 143 n.
323 119 384 145 214.

598 107 743 142 LIBER
768 107 916 142 ΧΧΙΠΙ.
957 106 1061 142 CAP.
1090 111 1144 141 15.
1172 111 1226 142 16.
1637 105 1692 146 27

123 217 311 271 primum
356 217 495 271 capite
542 230 667 271 aegre
713 215 826 256 inter
868 215 1041 257 turbam
1084 215 1401 269 tumultumque
1434 214 1693 256 abscidendo

121 275 293 317 terebat
322 277 509 330 tempus,
543 274 693 316 deinde
726 276 933 328 occupata
965 274 1114 315 dextra
1145 273 1330 315 tenendo
1358 276 1485 328 caput
1510 273 1693 315 fortissi-

122 349 218 376 mus
259 335 437 389 quisque
474 336 691 389 pugnator
724 346 816 373 esse
849 332 1053 386 desierat,
1097 333 1300 388 segnibus
1333 347 1382 374 ac
1413 332 1575 374 timidis
1607 335 1695 374 tra-

124 394 216 435 dita
247 408 394 449 pugna
426 396 529 434 erat.
579 391 691 446 quod
722 391 798 432 ubi
828 391 991 433 tribuni
1023 391 1210 433 militum
1243 391 1437 433 Graccho
1469 391 1693 432 nuntiave-

122 455 226 494 runt
237 486 248 506 ,

303 453 519 493 neminem
570 453 759 493 stantem
808 450 895 491 iam
945 450 1162 491 vulnerari
1211 450 1402 504 hostem,

1459 450 1695 492 carnificari

123 512 330 566 iacentes,
362 514 405 552 et
436 511 481 552 in
514 510 674 551 dextris
707 509 893 550 militum
918 524 996 563 pro
1023 509 1177 564 gladiis
1202 509 1394 550 humana
1420 509 1563 562 capita
1589 523 1694 560 esse,

123 571 295 625 signum
339 570 431 611 dari
473 583 653 624 propere
696 568 842 622 iussit,
886 568 1129 622 proicerent
1173 568 1316 622 capita
1359 567 1694 622 invaderentque

120 629 310 670 hostem:
356 629 517 670 claram
555 628 660 669 satis
699 629 742 668 et
779 627 994 682 insignem
1032 627 1237 667 virtutem
1277 641 1368 667 esse
1408 641 1486 667 nec
1519 627 1694 668 dubiam
1720 637 1740 668 6

123 688 369 729 libertatem
402 687 590 728 futuram
625 686 810 728 strenuis
836 686 953 727 viris.
1003 688 1095 727 tum
1121 685 1415 740 redintegrata
1442 699 1590 740 pugna
1617 688 1694 736 est,

122 749 166 788 et
193 761 322 801 eques
349 747 478 787 etiam
505 746 550 787 in
576 746 723 787 hostes
751 745 944 786 emissus.
990 745 1145 800 quibus
1173 758 1268 785 cum
1294 744 1463 799 inpigre
1484 744 1694 786 Numidae
1721 755 1740 786 7

123 806 426 857 occurrissent,
460 819 539 846 nec
572 804 746 860 segnior
778 804 970 859 equitum
1003 818 1129 858 quam
1162 803 1355 856 peditum
1388 817 1536 858 pugna
1568 804 1693 857 esset,

120 864 280 906 iterum
316 865 361 905 in
401 864 579 905 dubium
618 863 804 905 adducta
841 878 921 904 res.
972 877 1068 904 cum
1100 863 1315 917 utrimque
1348 862 1496 915 duceS,
1539 861 1694 903 Roma-

121 937 202 964 nus
223 922 442 964 Bruttium
463 922 768 977 Lucanumque
800 923 957 964 totiens
991 936 1016 963 a
1047 921 1280 962 maioribus
1314 921 1403 962 suis
1435 921 1570 963 victos
1598 921 1695 962 sub-

121 985 341 1036 actosque,
385 982 554 1024 Poenus
595 981 812 1036 mancipia
843 981 1041 1023 Romana
1086 983 1129 1021 et
1173 995 1224 1021 ex
1264 980 1482 1035 ergastulo
1515 980 1696 1021 militem

121 1041 264 1083 verbis
287 1041 517 1095 obtereret,
550 1043 769 1095 postremo
791 1040 1043 1094 pronuntiat
1063 1039 1282 1081 Gracchus
1304 1053 1397 1080 esse
1417 1039 1544 1093 nihil,
1578 1039 1691 1094 quod
1719 1049 1738 1081 8

121 1100 173 1141 de
204 1100 404 1141 libertate
438 1102 680 1154 sperarent,
711 1099 797 1141 nisi
829 1114 878 1141 eo
906 1099 973 1140 die
998 1099 1085 1140 fusi
1111 1098 1335 1153 fugatique
1360 1098 1506 1139 hostes
1535 1101 1691 1139 essent.

122 1173 173 1200 ea
221 1159 392 1200 demum
440 1173 523 1201 vox
567 1159 630 1200 ita
673 1159 842 1200 animos
889 1158 1100 1211 accendit,
1149 1161 1198 1199 ut
1242 1159 1447 1198 renovato
1493 1157 1689 1211 clamore,
1711 1157 1764 1199 16

121 1218 241 1259 velut
284 1218 357 1259 alii
396 1220 571 1272 repente
610 1217 731 1268 facti,
774 1220 897 1258 tanta
934 1218 978 1259 vi
1010 1231 1055 1258 se
1086 1217 1130 1257 in
1162 1216 1330 1258 hostem
1363 1216 1606 1269 intulerint,
1649 1219 1697 1257 ut

121 1277 324 1318 sustineri
351 1277 466 1317 ultra
491 1291 578 1318 non
606 1279 794 1330 possent.
844 1277 982 1330 primo
1010 1275 1286 1329 antesignani
1312 1274 1568 1329 Poenorum,
1600 1274 1697 1316 dein
1723 1287 1744 1317 ‘2

126 1335 251 1390 signa
282 1335 555 1390 perturbata,
586 1338 805 1390 postremo
830 1338 923 1376 tota
948 1335 1119 1389 inpulsa
1145 1334 1274 1387 acies3
1306 1334 1403 1374 inde
1428 1333 1542 1375 haud
1569 1334 1697 1375 dubie

175 1467 208 1497 4.
228 1463 372 1498 turbam
389 1463 669 1508 tumultumque]
686 1463 875 1497 Allittera-

125 1510 223 1552 ti0n3
263 1510 398 1545 ebe-nso
431 1510 498 1553 25,
530 1515 569 1553 4,
602 1514 660 1552 103
699 1511 876 1544 tumultus

124 1568 167 1592 ae
192 1559 389 1602 trepidatio
415 1557 476 1601 ⁶25,
506 1562 560 1599 13,
585 1561 640 1592 10.
677 1557 760 1602 Vgl
783 1561 838 1600 35,
854 1561 873 1591 2

122 1605 241 1639 diruit
255 1616 298 1639 ae
312 1606 453 1649 diripit.
476 1608 532 1648 38,
545 1609 565 1640 8
583 1606 683 1639 lacus
697 1606 873 1648 lucosque.

165 1653 370 1697 puynator]
397 1652 447 1686 ist
467 1649 530 1686 ἅπ.
553 1651 619 1695 sto.
640 1652 678 1686 in
699 1652 764 1686 der
784 1663 873 1696 gan-

124 1710 192 1734 zen
219 1699 324 1734 class.
352 1698 547 1734 Latinitat.

173 1750 203 1781 5.
248 1747 344 1790 quod
380 1747 463 1792 ubi]
502 1747 598 1790 quod
634 1746 684 1781 ist
717 1745 798 1790 Obj.
831 1757 875 1779 zu

123 1794 312 1837 nuntiae„
347 1794 505 1828 welches
537 1793 727 1828 hinterher
759 1793 875 1827 durch

123 1840 195 1875 den
215 1841 300 1875 Ace,
327 1852 356 1875 c.
377 1840 442 1874 inf.
466 1840 583 1874 naher
604 1840 746 1874 erklart
765 1839 875 1881 wird3

124 1887 261 1922 ebenso
289 1891 345 1929 37,
372 1890 391 1921 5
418 1899 452 1922 u.
481 1887 586 1921 oster.
628 1887 669 1921 L.
696 1887 791 1921 liebt
816 1886 875 1921 die

123 1934 325 1979 Wendung
358 1934 446 1968 aber
478 1945 517 1968 so
545 1934 647 1977 sehr,
680 1934 764 1967 dass
797 1933 876 1967 sich

126 1981 187 2016 bie
226 1982 447 2025 Bedeutung
486 1981 548 2015 des
588 1981 683 2025 quod
720 1981 771 2014 im
807 1979 875 2014 Ge-

123 2028 289 2062 brauche
330 2028 569 2062 abschwacht
612 2027 686 2061 und
725 2027 794 2061 wie
838 2026 877 2061 in

124 2076 221 2119 quod
245 2076 279 2109 si
300 2087 333 2110 u.
362 2087 393 2109 a.
422 2075 522 2109 bloss
549 2075 607 2109 die
634 2074 878 2118 Verbindung

124 2122 193 2156 mit
227 2122 310 2156 dem
338 2121 677 2166 Vorhergehenden
714 2121 877 2165 anzeigt;

127 2182 155 2203 z.
178 2169 218 2204 B.
246 2169 280 2212 6,
302 2174 334 2213 8,
358 2173 377 2203 2
405 2171 500 2213 quod
525 2170 589 2204 ubi
613 2169 733 2203 videre
757 2169 878 2213 ipsum

127 2217 324 2251 Camillum
357 2218 541 2251 cadentem
568 2217 607 2250 in
633 2217 764 2260 hostes,
793 2226 877 2260 pro-

126 2267 294 2298 currunt.

176 2313 282 2345 carni
299 2310 404 2356 teari]
433 2306 497 2344 ἅπ.
526 2309 592 2351 sto.
620 2310 689 2344 mit
709 2310 877 2345 veracht-

128 2357 264 2392 lichem
299 2357 410 2392 Sinne
444 2358 675 2402 (Asyndeton
706 2357 877 2392 adversa-

127 2405 273 2447 tivum).

176 2453 322 2496 signum
348 2451 451 2496 dare]
483 2451 541 2486 die
570 2451 715 2486 ‘Ordre'
745 2451 879 2495 geben,

130 2499 185 2534 oft
208 2509 281 2533 von
308 2499 347 2533 L.
374 2498 425 2532 im
453 2497 564 2532 Sinne
591 2498 655 2532 des
682 2498 878 2533 cinfachen

128 2547 264 2581 edicere
299 2545 522 2590 gebraucht3
561 2557 589 2579 z.
622 2545 662 2580 Β.
699 2545 758 2588 27,
794 2550 830 2589 1,
858 2550 877 2580 8

128 2594 233 2637 siyno
260 2593 439 2637 equitibus
465 2593 561 2634 dato,
588 2595 629 2625 ut
654 2612 697 2616 —
725 2593 877 2627 circum-

130 2641 221 2674 vecti
241 2650 333 2684 pars
359 2642 480 2673 castra
505 2640 672 2680 hostium,
693 2649 784 2682 pars
810 2643 877 2673 ter-

130 2698 177 2731 ῃα
204 2687 467 2730 trepidantium
494 2687 717 2720 invaderent.

179 2737 213 2768 7.
239 2733 385 2779 quibus]
414 2733 499 2767 weil
525 2744 626 2776 eques
652 2733 786 2767 vorher
806 2733 877 2767 col-

132 2780 242 2815 lectiv
269 2782 413 2825 gesetzt
439 2780 498 2815 ist.

176 2838 219 2862 ex
263 2827 443 2871 erqastulo
492 2826 656 2871 militem]
709 2826 880 2871 Stellung

129 2874 197 2909 wie
224 2878 256 2918 3,
287 2880 316 2908 1.

995 1463 1184 1506 mancipia
1215 1461 1385 1496 Romana
1417 1462 1533 1495 verbis
1565 1461 1697 1496 obtere-

948 1510 1016 1555 ret]
1062 1509 1144 1544 eine
1188 1509 1299 1543 kurze
1331 1508 1565 1553 (pragnante)
1604 1509 1699 1543 Aus-

948 1556 1195 1591 drucksweise
1241 1557 1335 1590 statt
1378 1555 1564 1590 Romanos
1607 1556 1698 1590 obte-

947 1605 1059 1639 rendo
1090 1604 1278 1647 mancipia
1309 1613 1380 1637 esse
1411 1603 1562 1643 diceret;
1600 1602 1699 1637 denn

948 1651 1052 1685 nicht
1090 1651 1150 1686 die
1189 1651 1394 1694 mancipia,
1438 1650 1596 1684 sondern
1639 1649 1699 1684 die

947 1698 1086 1733 Romer
1134 1698 1284 1732 werden
1333 1697 1595 1741 herabgesetzt
1643 1697 1699 1731 als

947 1756 1063 1780 manc.
1091 1745 1237 1780 Ebenso
1261 1744 1321 1788 23,
1342 1748 1398 1787 43,
1421 1748 1464 1778 10
1483 1745 1614 1788 populi
1627 1743 1700 1778 Ro-

947 1793 1051 1826 mani
1076 1793 1203 1827 obterit
1222 1795 1263 1825 ut
1287 1794 1519 1826 senescentem
1543 1801 1624 1825 eum
1646 1792 1699 1826 vi-

948 1841 1052 1874 ribus
1076 1840 1307 1881 maiestatem,
1334 1839 1423 1872 kurz
1452 1839 1562 1873 statt:
1587 1839 1700 1872 maie-

949 1890 1075 1921 statem
1095 1887 1224 1921 obterit
1243 1896 1389 1929 eamque
1405 1896 1580 1920 senescere
1599 1886 1699 1920 dicit.

998 1933 1061 1969 16.
1101 1938 1132 1968 1.
1171 1933 1327 1977 demum]
1362 1932 1492 1967 deutet
1518 1943 1581 1974 an,
1617 1932 1701 1967 dass

951 1980 1010 2014 die
1043 1979 1371 2024 vorhergehenden
1404 1979 1533 2013 Wor‘te
1565 1978 1701 2013 keinen

950 2027 1179 2062 besonderen
1187 2026 1375 2061 Eindruck
1384 2026 1560 2071 gemacht
1567 2026 1700 2061 haben.

999 2074 1180 2120 accendit]
1201 2073 1251 2108 im
1268 2073 1487 2118 figsirlichen
1504 2072 1701 2108 Gebrauch

952 2121 1016 2156 des
1033 2121 1180 2156 Wortes
1203 2121 1472 2155 ‘entflammen’
1495 2120 1701 2165 gebraucht

951 2169 992 2203 L.
1014 2170 1105 2203 stets
1132 2169 1337 2210 accendere,
1364 2167 1468 2202 nicht
1493 2168 1700 2209 incendere3

950 2215 1124 2250 letzteres
1144 2228 1213 2249 nur
1233 2226 1279 2249 an
1301 2219 1320 2249 3
1337 2214 1479 2250 Stellen
1499 2215 1564 2248 der
1587 2220 1616 2249 1.
1631 2214 1702 2248 De-

950 2263 1063 2303 kade,
1102 2262 1140 2296 in
1178 2262 1359 2296 welchem
1397 2262 1462 2297 der
1496 2261 1702 2306 Sprachge-

951 2309 1092 2344 brauch
1113 2309 1176 2344 des
1192 2309 1232 2345 L.
1253 2310 1348 2344 noch
1369 2309 1572 2344 schwankt.
1612 2309 1702 2342 Also

951 2367 1121 2391 aecensus
1146 2358 1217 2399 ira,
1244 2358 1338 2398 odio,
1364 2367 1435 2400 spe,
1462 2366 1582 2390 amore
1608 2367 1643 2389 u.
1674 2367 1702 2389 s.

952 2416 1013 2446 W.;
1066 2404 1257 2438 accendere
1303 2405 1460 2447 animos,
1510 2406 1699 2445 certamen,

948 2451 1129 2495 proelium
1155 2463 1179 2484 u
1216 2461 1249 2484 a.

1000 2502 1031 2532 2.
1070 2496 1319 2540 antesiynani]
1353 2496 1392 2530 L.
1420 2497 1617 2540 fibertri'igt
1643 2495 1702 2530 die

951 2544 1134 2580 romische
1161 2543 1531 2587 Heeresaufstellung
1554 2542 1620 2576 auf
1643 2542 1702 2577 die

953 2591 1103 2633 Punier3
1125 2595 1236 2625 antes.
1258 2590 1338 2624 sind
1358 2591 1495 2624 hastati
1512 2602 1544 2623 u.
1564 2590 1702 2633 princi-

949 2649 1031 2683 pes,·
1052 2638 1110 2671 die
1125 2639 1233 2681 siqna
1253 2638 1381 2671 stehen
1401 2638 1508 2671 unter
1523 2636 1703 2681 Deckung

952 2687 1018 2719 der
1039 2684 1200 2719 Triarier
1227 2684 1299 2717 und
1327 2684 1475 2718 werden
1496 2684 1566 2718 mit
1591 2684 1704 2718 ihnen

953 2731 1121 2776 zuglcich
1159 2731 1196 2765 in
1231 2731 1469 2775 Verwirrung
1507 2730 1703 2773 gebracht3

953 2780 1073 2823 (siyna
1093 2779 1171 2812 also
1191 2778 1249 2811 die
1278 2778 1488 2812 ‘Fuhnlein’
1518 2777 1607 2811 oder
1629 2777 1704 2812 ‘die

954 2827 1013 2860 bei
1053 2825 1123 2859 den
1159 2825 1358 2867 Fahnen⁷);
1400 2825 1458 2859 die
1498 2827 1571 2858 tota
1611 2825 1704 2859 acies

955 2872 1111 2907 umfasst
1137 2872 1231 2906 noch
1258 2872 1376 2907 velites
1403 2872 1476 2906 und
1503 2872 1643 2916 equites.
