1882 3163
176 125 201 143 a.
223 117 275 143 ch.
296 118 356 143 216.

685 80 832 142 ΙᾸΒ1ΞΒ,
857 108 990 144 ΧΧΙΙΙ.
1043 108 1146 144 CAP.
1175 113 1229 143 18.
1684 108 1740 151 37

177 230 307 258 aurea
338 216 515 258 muralis
547 216 770 270 proposita
802 218 867 257 est
898 218 1027 271 atque
1059 217 1150 271 ipse
1183 217 1267 258 dux
1293 216 1458 258 castelli
1484 217 1616 271 plano
1644 217 1740 258 loco

175 275 309 330 positi
347 290 521 331 segnem
560 275 927 329 oppugnationem
967 274 1149 330 Sagunti
1187 276 1553 331 expugnatoribus
1593 291 1744 331 expro-

176 335 345 384 brabat,
372 333 616 376 Cannarum
642 333 1012 388 Trasumennique
1033 337 1076 375 et
1095 334 1274 376 Trebiae
1296 336 1488 390 singulos
1510 335 1744 377 admonens

177 394 497 448 universosque.
546 393 643 434 inde
669 393 819 434 vineae
846 407 1014 448 quoque
1041 396 1218 447 coeptae
1245 395 1317 449 agi
1343 395 1624 449 cuniculique.
1666 408 1745 436 nec
1765 406 1786 438 8

177 453 231 494 ad
262 453 403 494 varios
436 455 616 494 conatus
647 452 838 493 hostium
878 456 954 493 aut
989 453 1054 493 vis
1092 453 1181 493 ulla
1220 457 1293 494 aut
1333 468 1401 494 ars
1434 454 1580 495 deerat
1613 454 1741 496 sociis

176 511 486 554 Romanorum:
518 511 844 566 propugnacula
871 511 1074 552 adversus
1094 512 1241 553 vineas
1263 515 1462 566 statuere,
1487 513 1744 555 transversis
1765 525 1785 557 9

178 570 386 613 cuniculis
418 570 608 612 hostium
641 571 860 612 cuniculos
888 571 1081 624 excipere
1114 573 1157 612 et
1187 571 1332 625 palam
1365 574 1407 612 et
1438 572 1549 612 clam
1582 572 1744 626 coeptis

179 630 348 672 obviam
380 630 454 684 ire,
486 629 621 670 donec
653 630 790 684 pudor
822 630 952 671 etiam
979 628 1268 671 Hannibalem
1297 630 1349 671 ab
1376 630 1550 685 incepto
1577 631 1746 685 avertit,

176 688 412 743 castrisque
445 688 705 730 conmunitis
739 704 786 730 ac
819 689 1031 742 praesidio
1064 689 1234 731 modico
1266 689 1472 743 inposito,
1504 704 1557 730 ne
1585 691 1746 732 omissa

174 762 242 790 res
274 747 501 801 videretur,
533 748 578 788 in
609 748 791 789 hiberna
823 747 1017 802 Capuam
1052 749 1274 790 concessit.

294 806 361 847 Ibi
385 809 553 860 partem
579 806 786 848 maiorem
811 807 965 848 hiemis
993 808 1225 849 exercitum
1251 807 1296 848 in
1322 807 1448 848 tectis
1474 807 1640 860 habuit,
1673 807 1744 848 ad·
1762 820 1805 852 10

174 880 322 907 versus
355 866 499 907 omnia
529 866 718 907 humana
749 866 865 908 mala
898 881 1024 921 saepe
1052 881 1101 907 ac
1127 866 1200 907 diu
1227 867 1440 920 duratum,
1472 867 1598 908 bonis
1629 867 1745 908 inex-

175 927 347 980 pertum
380 928 507 980 atque
539 925 766 967 insuetum.
817 927 983 980 itaque,
1028 940 1134 980 quos
1171 926 1291 967 nulla
1331 926 1436 967 mali
1474 925 1636 967 vicerat
1667 926 1805 980 viS,11

175 984 396 1040 perdidere
428 985 564 1025 nimia
596 985 709 1026 bona
735 999 783 1026 ac
810 985 1052 1039 voluptates
1080 985 1332 1039 inmodicae,
1366 988 1409 1027 613
1435 999 1484 1026 eo
1511 985 1747 1039 inpensius,

178 1058 262 1098 quo
307 1043 470 1084 avidius
504 1058 554 1084 ex
586 1044 818 1085 insolentia
855 1045 900 1085 in
939 1059 1010 1086 eas
1044 1059 1087 1085 se
1119 1047 1369 1086 merserant.
1421 1059 1597 1086 somnus
1631 1044 1745 1085 enim
1761 1057 1804 1088 12

177 1105 220 1144 et
251 1103 399 1143 vinum
432 1105 474 1143 et
501 1103 652 1156 epulae
679 1106 721 1144 ct
747 1107 891 1145 scorta
916 1103 1167 1158 balineaque
1189 1106 1231 1144 et
1251 1104 1401 1157 otium,
1434 1103 1743 1144 consuetudine

176 1161 224 1202 in
255 1161 346 1203 dies
373 1161 585 1216 blandiuS,
616 1162 679 1203 ita
706 1166 1015 1204 enervaverunt
1037 1177 1218 1216 corpora
1239 1163 1503 1217 animosque,
1528 1166 1577 1203 ut
1602 1163 1742 1217 magis

177 1220 327 1262 deinde
371 1221 629 1274 praeteritae
670 1221 877 1263 victoriae
923 1236 994 1263 eos
1041 1236 1169 1276 quam
1209 1224 1458 1275 praesentes
1499 1224 1743 1263 tutarentur

175 1280 304 1333 vires,
345 1279 569 1335 maiusque
609 1280 652 1321 id
690 1284 914 1334 peccatum
954 1281 1071 1322 ducis
1105 1281 1219 1335 apud
1244 1281 1408 1335 peritos
1442 1281 1600 1322 artium
1632 1280 1742 1321 mili·
1760 1294 1802 1325 13

174 1339 335 1380 tarium
367 1338 618 1393 haberetur,
658 1354 786 1394 quam
820 1340 933 1395 quod
965 1355 1055 1381 non
1087 1354 1136 1380 ex
1170 1338 1389 1381 Cannensi
1423 1340 1512 1381 acie
1545 1340 1742 1394 protinus

177 1397 229 1439 ad
267 1398 416 1439 urbem
454 1397 698 1440 Romanam
737 1399 948 1453 duxisset,
996 1399 1073 1440 illa
1119 1400 1233 1440 enim
1267 1399 1485 1440 cunctatio
1529 1399 1747 1440 distulisse

177 1537 284 1572 soher
332 1537 573 1582 Vorstellung
630 1538 922 1581 (Becker-Mar-

176 1584 313 1629 quardt
334 1584 383 1627 3²,
404 1588 503 1627 442);
532 1585 767 1629 vgl.·21‚11,3
783 1587 923 1620 animos

175 1642 299 1667 eorum
325 1643 385 1676 spe
406 1632 655 1676 praemiorum
681 1633 854 1668 accendit.
878 1653 920 1657 —

175 1679 436 1725 exprobrabat]
452 1679 600 1724 Imperf.
615 1681 709 1714 nach
726 1685 921 1724 postquam

174 1738 249 1761 von
280 1726 381 1761 einer
405 1726 676 1761 wiederholten
708 1727 919 1772 Handlung.

224 1789 255 1820 8.
283 1786 462 1831 cuniculi]
480 1785 540 1820 ein
554 1786 832 1830 gewohnliches
847 1787 921 1820 An-

175 1831 416 1877 griffsmittel.
459 1833 480 1867 J
483 1833 601 1867 edoch
617 1834 763 1868 scheint
776 1833 835 1867 die
849 1833 924 1867 An-

175 1879 315 1924 legung
347 1890 420 1914 von
450 1879 728 1924 Mineng'angen
759 1880 819 1914 bei
852 1881 923 1915 den

175 1924 348 1969 Puniern,
361 1927 502 1961 welche
518 1926 558 1960 in
573 1927 637 1961 der
652 1927 923 1972 Belagerungs-

175 1973 288 2007 kunst
314 1973 437 2018 wenig
464 1972 633 2008 erfahren
660 1985 796 2017 waren,
822 1977 925 2009 sonst

176 2020 283 2054 nicht
302 2020 429 2055 siblich
450 2031 619 2065 gewesen
640 2033 685 2055 zu
705 2021 792 2056 sein.
812 2042 852 2046 —
874 2023 924 2057 acl

175 2078 254 2103 var.
276 2067 370 2112 eom]
397 2067 523 2113 Gegen
544 2068 603 2102 die
626 2068 919 2104 Unternehmun-

175 2125 247 2159 gen
261 2114 325 2149 der
335 2114 468 2149 Punier
482 2114 613 2150 liessen
628 2127 665 2150 es
677 2115 919 2161 ‹lieBelager-

174 2163 240 2196 ten
267 2172 313 2196 an
339 2162 467 2197 keiner
492 2161 859 2208 Kraftanstrengung
884 2176 917 2198 u.

174 2208 326 2244 keinem
347 2209 763 2255 Verteidigungsmittel
783 2209 918 2246 fehlen.

223 2272 254 2303 9.
285 2270 582 2314 propuynacaZa]
621 2269 919 2313 Schutzwehren,

174 2327 238 2349 um
265 2315 335 2350 den
362 2317 457 2351 aries
488 2316 593 2351 nicht
624 2328 671 2351 an
705 2317 765 2351 die
791 2317 921 2352 Mauer

174 2362 466 2397 herankommen
491 2375 535 2397 zu
561 2364 694 2399 lassen.
719 2385 759 2388 —
781 2368 918 2399 transl).

175 2409 310 2454 cunia]
339 2409 611 2454 Qgenminen,
639 2423 730 2455 quer
755 2423 822 2446 vor
847 2412 919 2446 den

174 2456 403 2491 feindlichen
437 2456 513 2491 hin.
555 2478 597 2482 —
634 2458 758 2502 etiam]
799 2458 922 2493 ausser

176 2503 241 2538 der
266 2503 577 2549 Erfolglosigkeit
603 2505 722 2539 seiner
741 2505 917 2540 Anstren-

175 2561 410 2643 gussffife'ssa]
448 2597 574 2632 Livius
614 2598 816 2641 sibergeht,
842 2598 921 2633 dass

176 2644 242 2679 der
271 2644 444 2680 Diktator
478 2645 527 2679 M.
554 2644 686 2679 Junius
712 2645 805 2679 Pera
830 2646 919 2690 (vgl.

175 2691 268 2736 Καρ.
293 2696 346 2735 19,
361 2693 396 2736 3)
424 2704 507 2726 zum
528 2692 704 2726 Entsatze
731 2693 796 2727 der
810 2692 919 2727 Stadt

176 2738 374 2784 heranzog,
401 2740 490 2774 aber
515 2750 588 2774 von
610 2739 795 2774 Hannibal
816 2739 916 2774 iiber-

175 2785 278 2820 listet
304 2786 426 2820 wurde
450 2799 484 2821 u.
506 2786 587 2821 eine
601 2787 785 2831 Schlappe
801 2787 918 2822 erlitt:

176 2831 330 2866 Frontin
363 2838 394 2876 2,
422 2837 454 2876 ὁ,
482 2837 543 2875 25;
584 2833 726 2878 Polyan
753 2838 784 2877 6,
812 2837 868 2875 38,
900 2839 919 2869 6

177 2874 356 2924 (Ἀννίβας
392 2879 479 2923 περὶ
517 2883 720 2915 Κασιλῖνον
748 2908 754 2914 .
778 2907 783 2913 .
808 2909 814 2916 .
843 2879 918 2915 ἐνί-

997 1540 1138 1583 κησεν),
1177 1538 1306 1573 Zonar.
1334 1542 1366 1582 9,
1395 1543 1414 1573 3
1452 1536 1626 1583 (συχνοὺς
1651 1535 1745 1573 ἀπέ-

998 1587 1147 1629 κτεινε).
1230 1624 1248 1631 .-

1046 1637 1099 1668 1Ο.
1125 1633 1195 1679 ibi]
1224 1632 1325 1667 Uber
1345 1632 1551 1668 Hannibals
1577 1633 1745 1668 Winter-

996 1681 1181 1724 quartiere
1207 1681 1246 1714 in
1280 1679 1407 1724 Capua
1445 1680 1520 1725 vgl.
1553 1679 1660 1715 Diod.
1688 1684 1744 1724 26,

998 1732 1158 1770 14—153
1200 1727 1282 1762 Val.
1328 1728 1424 1762 Max.
1464 1732 1496 1770 9,
1531 1732 1562 1772 1,
1600 1727 1743 1769 Ext.1;

997 1775 1132 1810 Strabo
1160 1779 1192 1817 5,
1209 1780 1241 1817 4,
1258 1779 1313 1817 13,
1341 1788 1374 1820 p.
1391 1778 1471 1808 250.
1496 1795 1536 1799 ——
1559 1776 1600 1808 rin
1625 1775 1742 1820 tectis]

996 1821 1102 1857 nicht
1116 1822 1156 1856 in
1170 1823 1346 1864 tentoriis,
1366 1823 1431 1856 sab
1446 1822 1607 1866 pellibus
1621 1823 1653 1865 (ξ
1667 1823 1743 1864 15);

996 1879 1127 1913 wegen
1166 1869 1231 1904 der
1271 1869 1482 1914 urspriingl.
1521 1869 1744 1913 Bedeutung

997 1917 1061 1950 des
1094 1916 1244 1951 KVortes
1282 1919 1457 1950 erwartet
1491 1927 1578 1950 man
1619 1918 1663 1951 st.
1702 1917 1743 1951 in

998 1963 1086 1997 eher
1110 1964 1176 1998 sub
1204 1966 1276 2008 (29,
1303 1968 1359 2006 34,
1389 1965 1433 2007 7).

1047 2015 1101 2045 11.
1128 2022 1171 2045 ew
1192 2011 1313 2056 insol]
1342 2010 1420 2045 scil.
1443 2022 1580 2053 earum,
1600 2010 1741 2056 infolge

998 2057 1062 2091 der
1112 2057 1446 2102 Ungewohntheit,
1498 2059 1595 2094 also:
1646 2059 1742 2094 nach

994 2104 1114 2139 ciuem
1142 2104 1267 2140 Leben
1293 2106 1370 2140 voll
1395 2104 1699 2151 Entbehrungen.

1043 2168 1096 2199 12.
1125 2165 1285 2211 balinea]
1303 2164 1418 2199 altere
1434 2164 1542 2199 Form
1558 2166 1600 2200 st.
1611 2166 1741 2200 balnea

994 2211 1100 2257 (Kap.
1118 2216 1195 2255 7,3;
1216 2224 1269 2257 gr.
1281 2212 1511 2258 βαλανεῖον).
1538 2212 1739 2247 ZurSache

993 2259 1068 2303 vgl.
1097 2259 1221 2294 Sidon.
1249 2260 1388 2304 Paneg.
1418 2262 1502 2294 368:
1544 2260 1736 2295 Hannibal

995 2307 1043 2341 ad
1070 2306 1236 2351 Capuam
1256 2308 1382 2351 periit,
1409 2318 1489 2341 cam
1507 2307 1623 2349 fortia
1649 2308 1737 2342 bello

996 2354 1101 2388 Inter
1151 2355 1301 2389 delicias
1357 2355 1537 2388 mollirent
1587 2365 1739 2398 corpora

994 2400 1130 2444 Baiae;
1158 2400 1239 2436 Sen.
1267 2401 1365 2446 epist
1391 2405 1447 2444 51,
1475 2404 1506 2435 5.

1046 2463 1098 2493 13.
1139 2461 1240 2503 apud
1271 2460 1368 2504 pen]
1412 2458 1516 2494 nicht
1548 2471 1571 2494 a
1600 2461 1744 2504 peritis,

996 2507 1120 2540 indem
1158 2508 1283 2541 haberi
1321 2508 1380 2548 (τε
1396 2506 1538 2551 geltcn)
1572 2506 1677 2541 nieht
1701 2507 1741 2541 in

997 2555 1183 2597 strengem
1224 2554 1335 2588 Sinne
1367 2554 1422 2587 als
1454 2553 1648 2588 Passivum
1679 2554 1742 2589 be-

996 2600 1152 2634 handelt
1190 2601 1292 2636 wird.
1340 2620 1381 2624 —
1427 2601 1631 2646 haberetur]
1673 2601 1743 2636 mit

998 2650 1205 2682 tutarentur
1230 2647 1479 2692 gleichzeitig,
1506 2647 1572 2681 auf
1588 2647 1742 2682 Manner

999 2705 1064 2728 aus
1097 2694 1162 2729 der
1200 2695 1279 2729 Zeit
1317 2694 1380 2729 des
1407 2698 1438 2728 2.
1467 2706 1552 2738 pun.
1587 2694 1742 2739 Kriegcs

996 2753 1040 2774 zu
1067 2741 1239 2776 beziehen
1268 2743 1358 2785 (was
1377 2740 1493 2776 hiesse
1507 2741 1741 2786 habeatur?).

994 2788 1171 2833 duaeisset]
1188 2789 1292 2823 nicht
1311 2790 1478 2831 duxerat,
1505 2788 1559 2823 als
1580 2789 1741 2824 Ansicht

993 2835 1057 2869 der
1082 2835 1120 2870 in
1146 2837 1216 2870 den
1237 2836 1379 2880 Regeln
1405 2836 1470 2871 der
1490 2835 1741 2880 Kriegskunst

994 2882 1212 2917 erfahrenen
1238 2884 1499 2928 Zeitgenossen
1518 2883 1740 2918 Hannibale.
