1882 3163
134 102 166 120 a.
187 94 240 122 Ch.
263 96 324 120 217.
617 85 763 120 LIBER
788 85 904 120 XXII.
948 86 1050 122 CAP.
1078 90 1133 122 27.
1161 90 1216 122 28.

1647 89 1706 130 45

138 194 304 248 equites
337 194 431 248 pari
463 207 640 235 numero
673 193 922 248 sociumque
956 196 997 235 et
1028 194 1173 236 Latini
1198 196 1386 238 nominis
1414 197 1574 238 auxilia
1600 197 1704 239 divi-

139 256 299 294 serunt.
362 252 514 295 castris
554 266 723 307 quoque
762 266 806 293 se
845 254 1037 306 separari
1078 255 1285 308 magister
1324 256 1516 310 equitum
1557 256 1704 298 voluit.

259 311 429 366 Duplex
461 310 559 352 inde
592 310 828 352 Hannibali
861 312 1064 366 gaudium
1096 312 1179 354 fuit
1206 337 1259 342 —-
1286 329 1424 369 neque
1451 315 1565 356 enim
1591 316 1704 370 quic·
1726 319 1776 355 28

137 385 266 425 quam
293 385 456 422 eorum,
484 384 592 424 quae
620 369 733 424 apud
758 369 906 411 hostes
934 373 1180 425 agerentur,
1214 387 1311 414 eum
1337 373 1517 415 fallebat
1543 376 1586 415 61
1612 390 1703 430 per-

137 429 252 484 fugis
285 430 423 471 multa
454 428 742 471 indicantibus
775 431 818 470 61
848 443 925 483 per
958 444 1058 471 suos
1092 431 1389 484 explorantem
1423 449 1496 474 -ε
1528 447 1630 475 116111
1662 437 1706 475 61
1732 444 1752 475 2

137 488 320 530 liberam
351 487 515 530 Minuci
540 487 828 529 temeritatem
856 502 900 529 se
927 503 1004 529 suo
1031 488 1158 530 modo
1186 492 1460 544 captaturum
1488 496 1530 533 et
1557 493 1704 534 601161·-

135 548 221 588 1166
266 547 390 588 Fabii
434 546 656 588 dimidium
702 547 856 588 virium
900 547 1146 590 decessisse.
1219 550 1409 590 tumulus
1455 553 1548 592 erat
1591 551 1705 593 inter
1730 564 1750 593 3

137 609 278 647 eastra
309 606 490 647 Minucii
521 608 564 646 et
589 605 847 659 Poenorum,
880 620 1006 660 quem
1033 606 1106 660 qui
1132 611 1404 662 occupasset,
1437 608 1547 650 haud
1578 610 1703 652 dubie

133 665 393 719 iniquiorem
431 667 524 706 erat
560 664 676 706 hosti
715 665 857 706 locum
896 664 1101 706 facturus.
1165 681 1261 708 eum
1298 681 1386 709 non
1423 671 1514 710 tam
1554 683 1706 723 capere
1731 681 1753 711 4

137 724 229 765 6166
255 724 486 766 certamine
514 723 688 765 volebat
713 723 951 778 Hannibal,
978 739 1239 780 quamquam
1265 725 1309 766 id
1336 741 1490 780 operae
1520 729 1706 781 pretium

136 786 240 837 erat,
267 797 394 837 quam
421 797 594 824 causam
621 783 868 824 certaminis
895 797 993 825 cum
1018 782 1220 838 Minucio,
1247 799 1372 839 quern
1399 800 1704 840 procursurum

136 842 189 883 ad
222 842 520 884 obsistendum
553 842 657 883 satis
691 843 871 896 sciebat,
904 843 1168 885 contrahere.
1233 858 1335 899 ager
1368 845 1506 886 omnis
1538 845 1703 887 medius
1732 860 1751 889 5

135 904 228 942 erat
258 901 399 955 prima
432 901 571 955 specie
604 901 771 942 inutilis
804 901 1064 955 insidiatori,
1097 902 1198 957 quia
1229 917 1318 945 non
1349 904 1476 946 modo
1508 905 1704 946 silvestre

134 961 362 1015 quicquam
401 960 474 1001 sed
505 974 558 1002 ne
589 960 790 1014 vepribus
824 960 994 1015 quidem
1033 961 1238 1003 vestitum
1277 962 1484 1017 habebat,
1525 978 1570 1004 16
1608 964 1704 1018 ipsa
1731 977 1751 1008 6

135 1023 262 1060 natus
300 1019 494 1074 tegendis
532 1019 703 1060 insidiis
743 1034 792 1060 eo
830 1020 989 1075 magis,
1034 1021 1146 1074 quod
1190 1021 1234 1062 in
1278 1021 1393 1063 nuda
1432 1023 1543 1064 valle
1586 1023 1705 1064 nulla

135 1078 237 1119 talis
269 1077 387 1119 fraus
419 1078 563 1119 timeri
595 1080 781 1132 poterat3
816 1080 860 1119 et
891 1082 1014 1120 erant
1044 1080 1089 1120 in
1117 1079 1383 1122 anfractibus
1410 1095 1539 1123 cavae
1565 1097 1705 1136 rupes,

136 1141 185 1178 ut
218 1137 428 1191 quaedam
467 1151 612 1178 earum
653 1137 837 1179 ducenos
877 1140 1066 1179 armatos
1107 1142 1288 1192 possent
1326 1154 1488 1194 capere.
1550 1141 1594 1182 16
1627 1141 1704 1183 1166
1732 1155 1751 1186 7

138 1196 344 1249 latebras,
377 1198 480 1250 quot
513 1210 720 1251 quemque
752 1197 893 1238 locum
927 1199 1024 1251 apte
1050 1197 1235 1239 insidere
1262 1201 1483 1253 poterant,
1517 1200 1704 1254 quinque

136 1256 256 1296 milia
281 1255 520 1296 conduntur
551 1255 743 1309 peditum
770 1255 1056 1310 equitumque.
1106 1257 1260 1298 necubi
1286 1260 1434 1299 tamen
1460 1262 1535 1300 aut
1561 1264 1702 1301 motus
1731 1273 1750 1304 8

135 1314 317 1355 alicuius
349 1316 510 1355 temere
550 1315 711 1369 egressi
750 1317 824 1355 aut
865 1314 1008 1369 fulgor
1040 1330 1257 1357 armorum
1289 1316 1484 1359 fraudem
1516 1318 1562 1359 in
1593 1319 1703 1360 valle

135 1376 228 1414 tam
260 1376 408 1427 aperta
441 1373 676 1428 detegeret,
709 1373 852 1414 missis
887 1374 1033 1427 paucis
1066 1375 1207 1429 prima
1238 1376 1330 1417 luce
1364 1376 1417 1417 ad
1450 1377 1705 1431 capiendum

136 1447 262 1487 quem
295 1434 394 1473 ante
428 1432 610 1473 diximus
651 1432 866 1473 tumulum
906 1433 1064 1474 avertit
1102 1435 1248 1476 066106
1292 1435 1501 1489 1101611616.Ι
1563 1437 1703 1490 primo
1731 1450 1750 1480 9

138 1492 286 1533 statim
318 1494 550 1546 conspectu
577 1494 825 1545 contempta
851 1492 1063 1545 paucitas,
1097 1507 1145 1534 ac
1167 1493 1250 1534 sibi
1272 1494 1453 1549 quisque
1474 1495 1703 1549 deposcere

136 1620 196 1655 (116
217 1619 307 1654 zwei
327 1619 437 1664 alten,
459 1619 557 1654 dann
578 1618 639 1654 die
658 1619 747 1654 zwei
762 1630 882 1654 neuen

134 1667 275 1702 verlost
311 1666 480 1701 wurden:
522 1670 574 1709 10,
605 1670 658 1710 18,
686 1670 716 1701 3.
744 1670 801 1711 42,
825 1671 882 1709 32,

959 1624 1013 1663 17,
1035 1620 1104 1654 mit
1123 1620 1207 1655 dem
1224 1620 1396 1665 Begriffe,
1419 1622 1499 1657 dass
1520 1622 1584 1657 der
1605 1624 1702 1658 erste

956 1666 1064 1702 Blick
1091 1668 1252 1710 tauscht,
1281 1669 1524 1704 verschieden
1548 1681 1622 1705 von
1642 1673 1661 1712 ξ
1682 1674 1702 1705 9

135 1717 169 1749 5.
195 1735 235 1739 -
261 1715 351 1759 pari
375 1724 537 1756 numero,
562 1714 617 1748 ita
641 1715 683 1748 ut
707 1725 882 1748 numerus

136 1773 204 1806 par
237 1762 351 1804 esset,
390 1773 435 1795 zu
470 1761 644 1806 gleichen
671 1761 809 1795 Teilen.
839 1781 881 1785 —

136 1810 277 1851 castris,
298 1808 438 1844 welche
460 1808 555 1843 nach
575 1808 653 1843 Pol.
674 1807 734 1842 6111
755 1808 880 1843 starke

135 1856 247 1890 balbe
266 1856 407 1890 Stunde
428 1866 499 1890 von
521 1854 698 1889 einander
718 1855 882 1890 entfernt

137 1914 274 1937 waren.

184 1995 344 2031 28—31.
395 1994 620 2030 Minucius
666 1995 879 2040 86661116-

136 2055 243 2089 gen;
301 2042 613 2088 Operationen
663 2054 736 2076 zur
787 2043 879 2077 See.

136 2091 211 2125 Der
232 2089 382 2125 Bericht
407 2090 499 2124 fiber
525 2089 591 2123 das
613 2089 769 2124 Gefecht
789 2101 818 2124 6.
834 2093 878 2124 28

136 2137 188 2172 116
234 2135 498 2172 wesentlichen
543 2137 638 2172 nach
677 2137 807 2181 Polyb.
847 2141 879 2179 3,

186 2247 287 2278 1-4.
327 2243 597 2285 indicantibus,
635 2244 822 2285 verraten,
849 2254 878 2277 6.

138 2296 168 2332 1,
197 2294 234 2332 3;
256 2301 323 2334 per
349 2300 442 2331 suos,
469 2289 564 2324 auch
585 2290 624 2324 in
643 2290 750 2333 Rom,
777 2302 806 2325 6.
823 2294 878 2333 33,

139 2341 169 2372 1.
197 2357 240 2362 —-
266 2348 332 2372 suo
356 2338 472 2378 modo,
498 2337 567 2371 wie
594 2341 650 2380 21,
678 2341 734 2379 34,
762 2341 778 2371 1
807 2337 880 2372 suis

136 2384 298 2427 artibus,
331 2384 365 2419 d.
392 2383 414 2418 i.
443 2383 608 2426 punicis„
644 2396 687 2418 zu
713 2388 878 2429 captatu-

136 2443 218 2466 rum
243 2431 294 2466 ist
319 2431 383 2465 der
403 2430 546 2475 Begriff
562 2430 626 2466 des
646 2431 810 2475 Hoffens,
837 2444 879 2466 zu

134 2479 321 2514 decessisse
359 2478 424 2512 der
463 2477 526 2512 des
554 2478 719 2513 Wissens
755 2491 799 2512 zu
825 2490 879 2513 er-

137 2529 295 2570 ganzem
327 2526 506 2561 sollertiae
535 2524 580 2558 F.
615 2536 644 2559 6.
672 2528 727 2567 23,
758 2529 787 2567 1,
814 2525 881 2559 wir

136 2573 246 2615 „dem
287 2572 509 2617 gewandten
548 2572 718 2614 Fabius&
763 2571 881 2606 wofiir

137 2619 202 2654 lat.
242 2632 310 2654 nur
347 2619 461 2654 Fabio
499 2618 584 2653 duci
621 2618 879 2654 sollertissimo

137 2668 280 2711 gesetzt
317 2666 464 2701 werden
502 2667 652 2701 konnte.
682 2687 721 2690 —
751 2667 880 2709 locum,

140 2713 323 2759 Stellung.

185 2764 288 2796 5—8.
316 2772 420 2805 ager,
447 2760 542 2795 nach
568 2759 645 2795 Pol.
672 2759 767 2795 bloss
794 2760 879 2795 Ter-

138 2808 220 2842 rain
264 2808 360 2843 ohne
405 2808 557 2849 Kultur‚
608 2805 713 2842 τόποι
758 2808 878 2848 ψιλοι’;

137 2856 259 2898 prima
295 2856 409 2899 specie
447 2859 503 2897 24,
543 2859 598 2899 30,
634 2858 686 2890 12.
726 2859 782 2897 25,
823 2858 878 2897 37,

956 1714 1076 1758 primo
1122 1718 1340 1760 conspectu,
1390 1717 1549 1752 welches
1594 1718 1704 1753 einen

957 1762 1236 1806 Temporalsatz
1252 1763 1412 1798 vertritt.
1429 1785 1471 1790 —
1486 1768 1610 1811 natus,
1631 1776 1702 1800 von

956 1808 1020 1842 der
1057 1809 1357 1845 Beschaffenheit
1402 1811 1504 1846 einer
1542 1803 1702 1846 Ortlich-

955 1855 1049 1897 keit,
1078 1857 1203 1890 woher
1222 1860 1357 1891 natura
1378 1858 1461 1901 loci,
1488 1858 1650 1903 regionis
1671 1870 1700 1894 6.

956 1905 1011 1945 38,
1034 1905 1064 1944 9,
1093 1904 1161 1937 11111
1187 1903 1299 1938 Dativ
1327 1904 1390 1939 des
1418 1905 1589 1940 Zweckes
1618 1917 1646 1940 6.
1668 1910 1700 1948 4,

955 1953 988 1991 2,
1015 1949 1084 1984 mit
1110 1950 1157 1984 ad
1184 1961 1214 1984 6.
1242 1955 1303 1994 44,
1331 1955 1362 1987 4.
1392 1972 1435 1977 -—
1462 1953 1585 1987 timeri
1610 1955 1703 1988 statt

955 1997 1018 2030 des
1046 1996 1244 2031 fehlenden
1266 1998 1393 2033 Passiv
1414 2010 1486 2034 von
1509 2000 1702 2044 suspicari.

956 2063 998 2067 -
1026 2054 1152 2087 cavae,
1179 2049 1235 2088 23,
1265 2050 1295 2089 1,
1324 2049 1343 2080 6
1372 2057 1401 2080 6.
1429 2045 1511 2081 viae
1538 2048 1575 2081 et
1601 2046 1700 2082 sinus

955 2090 1104 2133 occulti,
1132 2095 1188 2134 26,
1213 2096 1267 2135 10,
1289 2096 1320 2127 6.
1345 2114 1383 2117 -
1408 2097 1502 2138 apte,
1528 2094 1700 2139 bequem‚

955 2141 1011 2181 23,
1040 2142 1071 2180 1,
1092 2142 1112 2173 6
1138 2138 1176 2172 16
1202 2139 1346 2175 insidiis
1376 2169 1381 2174 .
1411 2168 1417 2175 .
1447 2169 1452 2174 .
1481 2153 1700 2186 quacunque

955 2196 986 2219 a.
1031 2186 1182 2229 poterat
1225 2187 1427 2232 disposuit;
1479 2189 1700 2233 conduntur,

954 2232 1014 2266 bei
1041 2232 1181 2277 Nacht,
1218 2234 1287 2269 wie
1315 2238 1371 2278 21,
1399 2238 1455 2278 54,
1483 2239 1502 2269 2
1529 2236 1605 2270 und
1630 2236 1700 2272 wie

953 2279 1073 2324 Polyb
1099 2281 1174 2314 und
1200 2281 1297 2316 Plut.
1318 2282 1407 2316 Fab.
1431 2286 1472 2316 11
1500 2283 1700 2319 ausdruck-

954 2325 1028 2360 lich
1068 2327 1249 2373 angeben.
1282 2349 1327 2354 —
1361 2330 1537 2372 alicuius,
1582 2330 1701 2366 damit

954 2373 1059 2408 nicht
1077 2374 1141 2408 das
1156 2375 1419 2411 Hervortreten
1444 2377 1574 2422 irgend
1589 2377 1700 2421 eines,

953 2421 1194 2456 verschieden
1219 2433 1290 2457 von
1318 2427 1337 2465 ξ
1366 2427 1409 2457 14
1436 2425 1620 2468 cuiquam,
1658 2436 1698 2459 60

953 2467 1034 2501 dass
1060 2468 1208 2503 keinem
1236 2482 1269 2503 u.
1298 2482 1325 2504 6.
1353 2482 1395 2505 W.
1426 2491 1466 2495 —
1495 2482 1596 2515 quem
1616 2475 1699 2506 ante

953 2515 1001 2557 d.,
1039 2515 1074 2549 in
1112 2515 1278 2559 gleicher
1317 2517 1537 2562 Bedeutung
1575 2529 1697 2563 supra,

953 2561 1190 2606 gewohnlich
1216 2563 1264 2597 im
1288 2563 1452 2598 Relativ-
1479 2565 1567 2599 oder
1587 2565 1697 2600 Kom-

953 2609 1180 2652 parativsatz
1210 2611 1280 2653 (ut,
1315 2610 1441 2654 sicut),
1478 2611 1596 2646 selten
1628 2613 1698 2648 mit

954 2655 1134 2700 Particip,
1163 2660 1224 2699 37,
1253 2660 1315 2701 56,
1342 2662 1363 2691 4
1390 2669 1501 2702 supra
1528 2659 1696 2704 scriptus.

1002 2718 1128 2749 9—12.
1172 2716 1291 2758 primo
1334 2720 1374 2750 st.
1421 2727 1540 2761 consp.
1579 2719 1697 2764 regel-

953 2760 1087 2805 massig
1113 2762 1149 2795 in
1177 2762 1296 2797 dieser
1326 2763 1610 2809 Wortstellung,
1638 2770 1696 2809 24,

954 2813 985 2849 5,
1013 2812 1032 2841 2
1062 2808 1134 2842 und
1161 2821 1203 2842 zu
1231 2813 1287 2853 21,
1314 2814 1346 2852 4,
1377 2815 1405 2844 l.
1435 2832 1476 2836 --
1510 2812 1588 2856 dep.
1619 2814 1696 2858 pel·

953 2855 1092 2897 lendos,
1132 2856 1190 2891 die
1223 2855 1319 2891 Ehre
1352 2870 1394 2892 zu
1431 2859 1617 2904 verjagen.
1654 2881 1696 2887 -—
