<?xml version="1.0" encoding="UTF-8"?>
<!DOCTYPE html PUBLIC "-//W3C//DTD XHTML 1.0 Transitional//EN"
    "http://www.w3.org/TR/xhtml1/DTD/xhtml1-transitional.dtd">
<html xmlns="http://www.w3.org/1999/xhtml" xml:lang="en" lang="en">
 <head>
  <title>
</title>
<meta http-equiv="Content-Type" content="text/html;charset=utf-8" />
  <meta name='ocr-system' content='tesseract 3.04.00' />
  <meta name='ocr-capabilities' content='ocr_page ocr_carea ocr_par ocr_line ocrx_word'/>
</head>
<body>
  <div class='ocr_page' id='page_1' title='image "./aburbeconditalib21livyuoft/aburbeconditalib21livyuoft_0165.png"; bbox 0 0 1882 3163; ppageno 0'>
   <div class='ocr_carea' id='block_1_1' title="bbox 120 98 1680 141">
    <p class='ocr_par' dir='ltr' id='par_1_1' title="bbox 120 98 1680 141">
     <span class='ocr_line' id='line_1_1' title="bbox 120 98 1680 141; baseline -0.004 -4"><span class='ocrx_word' id='word_1_1' title='bbox 120 119 145 137; x_wconf 64' lang='lat' dir='ltr'>a.</span> <span class='ocrx_word' id='word_1_2' title='bbox 166 110 216 137; x_wconf 85' lang='lat' dir='ltr'>ch.</span> <span class='ocrx_word' id='word_1_3' title='bbox 237 111 297 137; x_wconf 63' lang='grc' dir='ltr'>ω.</span> <span class='ocrx_word' id='word_1_4' title='bbox 653 99 799 134; x_wconf 84' lang='lat' dir='ltr'><strong>LIBER</strong></span> <span class='ocrx_word' id='word_1_5' title='bbox 823 99 936 136; x_wconf 78' lang='lat' dir='ltr'>xxn.</span> <span class='ocrx_word' id='word_1_6' title='bbox 987 98 1088 135; x_wconf 77' lang='lat' dir='ltr'>CAP.</span> <span class='ocrx_word' id='word_1_7' title='bbox 1117 104 1147 134; x_wconf 90' lang='lat'>1.</span> <span class='ocrx_word' id='word_1_8' title='bbox 1653 99 1680 141; x_wconf 86' lang='lat'><strong>3</strong></span> 
     </span>
    </p>
   </div>
   <div class='ocr_carea' id='block_1_2' title="bbox 117 208 1679 1330">
    <p class='ocr_par' dir='ltr' id='par_1_2' title="bbox 117 208 1679 1330">
     <span class='ocr_line' id='line_1_2' title="bbox 122 208 1678 263; baseline -0.001 -11"><span class='ocrx_word' id='word_1_9' title='bbox 122 209 352 263; x_wconf 89' lang='lat' dir='ltr'>effulsisse,</span> <span class='ocrx_word' id='word_1_10' title='bbox 385 211 521 251; x_wconf 82' lang='lat' dir='ltr'><strong>sortes</strong></span> <span class='ocrx_word' id='word_1_11' title='bbox 554 222 631 250; x_wconf 90' lang='lat' dir='ltr'>sua</span> <span class='ocrx_word' id='word_1_12' title='bbox 657 211 809 263; x_wconf 87' lang='lat' dir='ltr'>sponte</span> <span class='ocrx_word' id='word_1_13' title='bbox 837 208 1110 262; x_wconf 75' lang='lat' dir='ltr'>adtenuatas,</span> <span class='ocrx_word' id='word_1_14' title='bbox 1141 223 1356 263; x_wconf 90' lang='lat' dir='ltr'>unamque</span> <span class='ocrx_word' id='word_1_15' title='bbox 1383 209 1589 251; x_wconf 81' lang='lat' dir='ltr'>excidisse</span> <span class='ocrx_word' id='word_1_16' title='bbox 1616 210 1678 250; x_wconf 88' lang='lat' dir='ltr'>ita</span> 
     </span>
     <span class='ocr_line' id='line_1_3' title="bbox 124 267 1676 324; baseline -0.001 -12"><span class='ocrx_word' id='word_1_17' title='bbox 124 269 328 324; x_wconf 77' lang='lat' dir='ltr'>scriptam</span> <span class='ocrx_word' id='word_1_18' title='bbox 359 267 557 323; x_wconf 80' lang='lat' dir='ltr'>„Mavors</span> <span class='ocrx_word' id='word_1_19' title='bbox 589 267 723 308; x_wconf 90' lang='lat' dir='ltr'>telum</span> <span class='ocrx_word' id='word_1_20' title='bbox 756 281 880 308; x_wconf 89' lang='lat' dir='ltr'>suum</span> <span class='ocrx_word' id='word_1_21' title='bbox 914 267 1145 320; x_wconf 76' lang='lat' dir='ltr'>concutit“;</span> <span class='ocrx_word' id='word_1_22' title='bbox 1183 270 1226 309; x_wconf 99' lang='grc' dir='ltr'><strong>εὴ</strong></span> <span class='ocrx_word' id='word_1_23' title='bbox 1257 282 1332 322; x_wconf 91' lang='lat' dir='ltr'>per</span> <span class='ocrx_word' id='word_1_24' title='bbox 1363 268 1475 310; x_wconf 89' lang='lat' dir='ltr'>idem</span> <span class='ocrx_word' id='word_1_25' title='bbox 1507 271 1676 323; x_wconf 91' lang='lat' dir='ltr'>tempus</span> 
     </span>
     <span class='ocr_line' id='line_1_4' title="bbox 122 325 1677 383; baseline 0 -13"><span class='ocrx_word' id='word_1_26' title='bbox 122 329 286 371; x_wconf 84' lang='lat' dir='ltr'>Romae</span> <span class='ocrx_word' id='word_1_27' title='bbox 312 328 482 383; x_wconf 85' lang='lat' dir='ltr'>signum</span> <span class='ocrx_word' id='word_1_28' title='bbox 503 325 656 368; x_wconf 90' lang='lat' dir='ltr'>Martis</span> <span class='ocrx_word' id='word_1_29' title='bbox 677 325 822 380; x_wconf 89' lang='lat' dir='ltr'>Appia</span> <span class='ocrx_word' id='word_1_30' title='bbox 846 326 917 367; x_wconf 84' lang='lat' dir='ltr'>via</span> <span class='ocrx_word' id='word_1_31' title='bbox 941 340 990 367; x_wconf 89' lang='lat' dir='ltr'>ac</span> <span class='ocrx_word' id='word_1_32' title='bbox 1017 327 1245 368; x_wconf 88' lang='lat' dir='ltr'>simulacra</span> <span class='ocrx_word' id='word_1_33' title='bbox 1270 327 1468 381; x_wconf 92' lang='lat' dir='ltr'>luporum</span> <span class='ocrx_word' id='word_1_34' title='bbox 1491 328 1677 382; x_wconf 86' lang='lat' dir='ltr'>sudasse,</span> 
     </span>
     <span class='ocr_line' id='line_1_5' title="bbox 126 385 1677 441; baseline -0.001 -11"><span class='ocrx_word' id='word_1_35' title='bbox 126 391 170 430; x_wconf 88' lang='lat' dir='ltr'>et</span> <span class='ocrx_word' id='word_1_36' title='bbox 195 386 368 441; x_wconf 84' lang='lat' dir='ltr'>Capuae</span> <span class='ocrx_word' id='word_1_37' title='bbox 395 387 578 441; x_wconf 89' lang='lat' dir='ltr'>speciem</span> <span class='ocrx_word' id='word_1_38' title='bbox 610 385 716 426; x_wconf 90' lang='lat' dir='ltr'>caeli</span> <span class='ocrx_word' id='word_1_39' title='bbox 743 385 930 426; x_wconf 87' lang='lat' dir='ltr'>ardentis</span> <span class='ocrx_word' id='word_1_40' title='bbox 962 385 1095 426; x_wconf 87' lang='lat' dir='ltr'>fuisse</span> <span class='ocrx_word' id='word_1_41' title='bbox 1121 386 1330 441; x_wconf 87' lang='lat' dir='ltr'>lunaeque</span> <span class='ocrx_word' id='word_1_42' title='bbox 1357 387 1468 428; x_wconf 88' lang='lat' dir='ltr'>inter</span> <span class='ocrx_word' id='word_1_43' title='bbox 1496 387 1677 429; x_wconf 89' lang='lat' dir='ltr'>imbrem</span> 
     </span>
     <span class='ocr_line' id='line_1_6' title="bbox 126 444 1675 500; baseline -0.001 -11"><span class='ocrx_word' id='word_1_44' title='bbox 126 447 330 489; x_wconf 85' lang='lat' dir='ltr'>cadent-is.</span> <span class='ocrx_word' id='word_1_45' title='bbox 392 445 490 487; x_wconf 90' lang='lat' dir='ltr'>inde</span> <span class='ocrx_word' id='word_1_46' title='bbox 528 444 767 486; x_wconf 88' lang='lat' dir='ltr'>minoribus</span> <span class='ocrx_word' id='word_1_47' title='bbox 808 445 937 486; x_wconf 86' lang='lat' dir='ltr'>etiam</span> <span class='ocrx_word' id='word_1_48' title='bbox 977 444 1092 486; x_wconf 89' lang='lat' dir='ltr'>dictu</span> <span class='ocrx_word' id='word_1_49' title='bbox 1130 444 1339 500; x_wconf 85' lang='lat' dir='ltr'>prodigiis</span> <span class='ocrx_word' id='word_1_50' title='bbox 1372 446 1475 487; x_wconf 88' lang='lat' dir='ltr'>fides</span> <span class='ocrx_word' id='word_1_51' title='bbox 1508 447 1675 488; x_wconf 86' lang='lat' dir='ltr'>habita:</span> 
     </span>
     <span class='ocr_line' id='line_1_7' title="bbox 125 503 1675 562; baseline -0.001 -14"><span class='ocrx_word' id='word_1_52' title='bbox 125 520 276 562; x_wconf 84' lang='lat' dir='ltr'>capras</span> <span class='ocrx_word' id='word_1_53' title='bbox 303 505 472 546; x_wconf 88' lang='lat' dir='ltr'>lanatas</span> <span class='ocrx_word' id='word_1_54' title='bbox 493 503 748 560; x_wconf 89' lang='lat' dir='ltr'>quibusdam</span> <span class='ocrx_word' id='word_1_55' title='bbox 768 503 923 557; x_wconf 85' lang='lat' dir='ltr'>factas,</span> <span class='ocrx_word' id='word_1_56' title='bbox 951 506 993 544; x_wconf 89' lang='lat' dir='ltr'>et</span> <span class='ocrx_word' id='word_1_57' title='bbox 1019 504 1224 559; x_wconf 81' lang='lat' dir='ltr'>gallinam</span> <span class='ocrx_word' id='word_1_58' title='bbox 1250 504 1295 544; x_wconf 87' lang='lat' dir='ltr'>in</span> <span class='ocrx_word' id='word_1_59' title='bbox 1316 519 1488 559; x_wconf 85' lang='lat' dir='ltr'>marem,</span> <span class='ocrx_word' id='word_1_60' title='bbox 1516 506 1675 560; x_wconf 83' lang='lat' dir='ltr'>gallum</span> 
     </span>
     <span class='ocr_line' id='line_1_8' title="bbox 121 563 1674 619; baseline -0.001 -12"><span class='ocrx_word' id='word_1_61' title='bbox 121 567 165 607; x_wconf 91' lang='lat' dir='ltr'>in</span> <span class='ocrx_word' id='word_1_62' title='bbox 195 564 399 606; x_wconf 87' lang='lat' dir='ltr'>feminam</span> <span class='ocrx_word' id='word_1_63' title='bbox 432 577 523 605; x_wconf 88' lang='lat' dir='ltr'>sese</span> <span class='ocrx_word' id='word_1_64' title='bbox 549 563 740 604; x_wconf 88' lang='lat' dir='ltr'>vertisse.</span> <span class='ocrx_word' id='word_1_65' title='bbox 796 563 884 617; x_wconf 82' lang='lat' dir='ltr'>his,</span> <span class='ocrx_word' id='word_1_66' title='bbox 917 563 1027 604; x_wconf 88' lang='lat' dir='ltr'>sicut</span> <span class='ocrx_word' id='word_1_67' title='bbox 1061 566 1186 604; x_wconf 88' lang='lat' dir='ltr'>erant</span> <span class='ocrx_word' id='word_1_68' title='bbox 1217 564 1434 617; x_wconf 84' lang='lat' dir='ltr'>nuntiata,</span> <span class='ocrx_word' id='word_1_69' title='bbox 1470 566 1674 619; x_wconf 79' lang='lat' dir='ltr'>expositis</span> 
     </span>
     <span class='ocr_line' id='line_1_9' title="bbox 122 622 1675 678; baseline 0 -13"><span class='ocrx_word' id='word_1_70' title='bbox 122 623 454 678; x_wconf 74' lang='lat' dir='ltr'>auctoribusque</span> <span class='ocrx_word' id='word_1_71' title='bbox 486 622 532 663; x_wconf 91' lang='lat' dir='ltr'>in</span> <span class='ocrx_word' id='word_1_72' title='bbox 563 622 725 664; x_wconf 86' lang='lat' dir='ltr'>curiam</span> <span class='ocrx_word' id='word_1_73' title='bbox 758 622 1015 664; x_wconf 80' lang='lat' dir='ltr'>introductis</span> <span class='ocrx_word' id='word_1_74' title='bbox 1044 622 1193 664; x_wconf 91' lang='lat' dir='ltr'>consul</span> <span class='ocrx_word' id='word_1_75' title='bbox 1221 622 1271 664; x_wconf 90' lang='lat' dir='ltr'>de</span> <span class='ocrx_word' id='word_1_76' title='bbox 1297 623 1505 678; x_wconf 82' lang='lat' dir='ltr'>religione</span> <span class='ocrx_word' id='word_1_77' title='bbox 1532 627 1675 677; x_wconf 89' lang='lat' dir='ltr'>patres</span> 
     </span>
     <span class='ocr_line' id='line_1_10' title="bbox 121 681 1676 737; baseline 0 -12"><span class='ocrx_word' id='word_1_78' title='bbox 121 682 348 726; x_wconf 87' lang='lat' dir='ltr'>consuluit.</span> <span class='ocrx_word' id='word_1_79' title='bbox 405 682 640 735; x_wconf 83' lang='lat' dir='ltr'>decretum,</span> <span class='ocrx_word' id='word_1_80' title='bbox 670 684 719 723; x_wconf 92' lang='lat' dir='ltr'>ut</span> <span class='ocrx_word' id='word_1_81' title='bbox 751 695 800 723; x_wconf 91' lang='lat' dir='ltr'>ea</span> <span class='ocrx_word' id='word_1_82' title='bbox 831 681 1030 737; x_wconf 87' lang='lat' dir='ltr'>prodigia</span> <span class='ocrx_word' id='word_1_83' title='bbox 1062 682 1221 736; x_wconf 88' lang='lat' dir='ltr'>partim</span> <span class='ocrx_word' id='word_1_84' title='bbox 1248 682 1483 724; x_wconf 89' lang='lat' dir='ltr'>maioribus</span> <span class='ocrx_word' id='word_1_85' title='bbox 1510 683 1676 737; x_wconf 87' lang='lat' dir='ltr'>hostiis,</span> 
     </span>
     <span class='ocr_line' id='line_1_11' title="bbox 119 741 1675 798; baseline 0 -14"><span class='ocrx_word' id='word_1_86' title='bbox 119 742 280 798; x_wconf 86' lang='lat' dir='ltr'>partim</span> <span class='ocrx_word' id='word_1_87' title='bbox 305 741 562 783; x_wconf 85' lang='lat' dir='ltr'>lactentibus</span> <span class='ocrx_word' id='word_1_88' title='bbox 590 744 937 796; x_wconf 75' lang='lat' dir='ltr'>procurarentur,</span> <span class='ocrx_word' id='word_1_89' title='bbox 965 744 1007 782; x_wconf 92' lang='lat' dir='ltr'>et</span> <span class='ocrx_word' id='word_1_90' title='bbox 1025 742 1088 782; x_wconf 89' lang='lat' dir='ltr'>uti</span> <span class='ocrx_word' id='word_1_91' title='bbox 1109 742 1365 796; x_wconf 72' lang='lat' dir='ltr'>supplicatio</span> <span class='ocrx_word' id='word_1_92' title='bbox 1392 756 1468 796; x_wconf 90' lang='lat' dir='ltr'>per</span> <span class='ocrx_word' id='word_1_93' title='bbox 1488 742 1675 784; x_wconf 88' lang='lat' dir='ltr'>triduum</span> 
     </span>
     <span class='ocr_line' id='line_1_12' title="bbox 123 800 1676 855; baseline 0 -12"><span class='ocrx_word' id='word_1_94' title='bbox 123 802 173 844; x_wconf 86' lang='lat' dir='ltr'>ad</span> <span class='ocrx_word' id='word_1_95' title='bbox 200 801 351 843; x_wconf 57' lang='lat' dir='ltr'>‘omnia</span> <span class='ocrx_word' id='word_1_96' title='bbox 383 800 628 855; x_wconf 86' lang='lat' dir='ltr'>pulvinaria</span> <span class='ocrx_word' id='word_1_97' title='bbox 659 800 907 854; x_wconf 78' lang='lat' dir='ltr'>haberetur3</span> <span class='ocrx_word' id='word_1_98' title='bbox 951 803 1108 855; x_wconf 85' lang='lat' dir='ltr'>cetera,</span> <span class='ocrx_word' id='word_1_99' title='bbox 1149 815 1244 842; x_wconf 89' lang='lat' dir='ltr'>cum</span> <span class='ocrx_word' id='word_1_100' title='bbox 1277 801 1506 842; x_wconf 88' lang='lat' dir='ltr'>decemviri</span> <span class='ocrx_word' id='word_1_101' title='bbox 1543 802 1676 843; x_wconf 90' lang='lat' dir='ltr'>libros</span> 
     </span>
     <span class='ocr_line' id='line_1_13' title="bbox 120 859 1678 916; baseline 0 -14"><span class='ocrx_word' id='word_1_102' title='bbox 120 860 426 916; x_wconf 77' lang='lat' dir='ltr'>inspexissent,</span> <span class='ocrx_word' id='word_1_103' title='bbox 458 863 506 901; x_wconf 88' lang='lat' dir='ltr'>ut</span> <span class='ocrx_word' id='word_1_104' title='bbox 537 860 600 900; x_wconf 88' lang='lat' dir='ltr'>ita</span> <span class='ocrx_word' id='word_1_105' title='bbox 631 859 800 914; x_wconf 81' lang='lat' dir='ltr'>fierent,</span> <span class='ocrx_word' id='word_1_106' title='bbox 845 874 972 916; x_wconf 88' lang='lat' dir='ltr'>quem</span> <span class='ocrx_word' id='word_1_107' title='bbox 1004 860 1056 901; x_wconf 87' lang='lat' dir='ltr'>ad</span> <span class='ocrx_word' id='word_1_108' title='bbox 1088 860 1262 902; x_wconf 88' lang='lat' dir='ltr'>modum</span> <span class='ocrx_word' id='word_1_109' title='bbox 1295 860 1412 902; x_wconf 91' lang='lat' dir='ltr'>cordi</span> <span class='ocrx_word' id='word_1_110' title='bbox 1445 875 1536 902; x_wconf 88' lang='lat' dir='ltr'>esse</span> <span class='ocrx_word' id='word_1_111' title='bbox 1569 861 1678 902; x_wconf 85' lang='lat' dir='ltr'>divis</span> 
     </span>
     <span class='ocr_line' id='line_1_14' title="bbox 117 918 1677 973; baseline -0.001 -11"><span class='ocrx_word' id='word_1_112' title='bbox 117 934 165 962; x_wconf 67' lang='lat' dir='ltr'>ea:</span> <span class='ocrx_word' id='word_1_113' title='bbox 202 919 463 962; x_wconf 86' lang='lat' dir='ltr'>carminibus</span> <span class='ocrx_word' id='word_1_114' title='bbox 501 918 810 973; x_wconf 85' lang='lat' dir='ltr'>praefarentur.</span> <span class='ocrx_word' id='word_1_115' title='bbox 881 919 1215 962; x_wconf 88' lang='lat' dir='ltr'>decemvirorum</span> <span class='ocrx_word' id='word_1_116' title='bbox 1254 919 1421 961; x_wconf 89' lang='lat' dir='ltr'>monitu</span> <span class='ocrx_word' id='word_1_117' title='bbox 1461 920 1677 962; x_wconf 89' lang='lat' dir='ltr'>decretum</span> 
     </span>
     <span class='ocr_line' id='line_1_15' title="bbox 118 978 1678 1035; baseline -0.001 -13"><span class='ocrx_word' id='word_1_118' title='bbox 118 983 202 1035; x_wconf 88' lang='lat' dir='ltr'>est,</span> <span class='ocrx_word' id='word_1_119' title='bbox 233 979 325 1021; x_wconf 89' lang='lat' dir='ltr'>Iovi</span> <span class='ocrx_word' id='word_1_120' title='bbox 358 979 543 1033; x_wconf 90' lang='lat' dir='ltr'>primum</span> <span class='ocrx_word' id='word_1_121' title='bbox 579 978 773 1030; x_wconf 86' lang='lat' dir='ltr'>[donum]</span> <span class='ocrx_word' id='word_1_122' title='bbox 802 978 965 1020; x_wconf 86' lang='lat' dir='ltr'>fulmen</span> <span class='ocrx_word' id='word_1_123' title='bbox 992 993 1167 1020; x_wconf 89' lang='lat' dir='ltr'>aureum</span> <span class='ocrx_word' id='word_1_124' title='bbox 1194 979 1335 1033; x_wconf 90' lang='lat' dir='ltr'>pondo</span> <span class='ocrx_word' id='word_1_125' title='bbox 1364 979 1678 1035; x_wconf 85' lang='lat' dir='ltr'>quinquaginta</span> 
     </span>
     <span class='ocr_line' id='line_1_16' title="bbox 117 1036 1679 1094; baseline 0 -14"><span class='ocrx_word' id='word_1_126' title='bbox 117 1039 254 1093; x_wconf 85' lang='lat' dir='ltr'>fieret,</span> <span class='ocrx_word' id='word_1_127' title='bbox 293 1042 329 1079; x_wconf 72' lang='lat' dir='ltr'>et</span> <span class='ocrx_word' id='word_1_128' title='bbox 365 1037 521 1079; x_wconf 91' lang='lat' dir='ltr'>Iunoni</span> <span class='ocrx_word' id='word_1_129' title='bbox 557 1036 859 1093; x_wconf 84' lang='lat' dir='ltr'>Minervaeque</span> <span class='ocrx_word' id='word_1_130' title='bbox 905 1053 955 1079; x_wconf 80' lang='lat' dir='ltr'>ex</span> <span class='ocrx_word' id='word_1_131' title='bbox 995 1042 1175 1094; x_wconf 84' lang='lat' dir='ltr'>argento</span> <span class='ocrx_word' id='word_1_132' title='bbox 1216 1038 1326 1080; x_wconf 90' lang='lat' dir='ltr'>dona</span> <span class='ocrx_word' id='word_1_133' title='bbox 1365 1039 1587 1093; x_wconf 86' lang='lat' dir='ltr'>darentur,</span> <span class='ocrx_word' id='word_1_134' title='bbox 1636 1042 1679 1080; x_wconf 91' lang='lat' dir='ltr'>et</span> 
     </span>
     <span class='ocr_line' id='line_1_17' title="bbox 118 1096 1676 1153; baseline 0 -14"><span class='ocrx_word' id='word_1_135' title='bbox 118 1097 271 1140; x_wconf 91' lang='lat' dir='ltr'>Iunoni</span> <span class='ocrx_word' id='word_1_136' title='bbox 304 1097 477 1152; x_wconf 88' lang='lat' dir='ltr'>reginae</span> <span class='ocrx_word' id='word_1_137' title='bbox 510 1097 554 1137; x_wconf 92' lang='lat' dir='ltr'>in</span> <span class='ocrx_word' id='word_1_138' title='bbox 588 1096 804 1139; x_wconf 82' lang='lat' dir='ltr'>Aventino</span> <span class='ocrx_word' id='word_1_139' title='bbox 837 1097 1076 1152; x_wconf 87' lang='lat' dir='ltr'>Iunonique</span> <span class='ocrx_word' id='word_1_140' title='bbox 1111 1096 1309 1153; x_wconf 76' lang='lat' dir='ltr'>Sospitae</span> <span class='ocrx_word' id='word_1_141' title='bbox 1338 1097 1520 1139; x_wconf 85' lang='lat' dir='ltr'>Lanuvii</span> <span class='ocrx_word' id='word_1_142' title='bbox 1546 1098 1676 1140; x_wconf 86' lang='lat' dir='ltr'>maio-</span> 
     </span>
     <span class='ocr_line' id='line_1_18' title="bbox 121 1156 1676 1212; baseline 0 -14"><span class='ocrx_word' id='word_1_143' title='bbox 121 1157 239 1198; x_wconf 88' lang='lat' dir='ltr'>ribus</span> <span class='ocrx_word' id='word_1_144' title='bbox 265 1156 420 1198; x_wconf 89' lang='lat' dir='ltr'>hostiis</span> <span class='ocrx_word' id='word_1_145' title='bbox 447 1156 772 1209; x_wconf 81' lang='lat' dir='ltr'>sacrificaretur,</span> <span class='ocrx_word' id='word_1_146' title='bbox 798 1159 1104 1211; x_wconf 85' lang='lat' dir='ltr'>matronaeque</span> <span class='ocrx_word' id='word_1_147' title='bbox 1130 1157 1313 1212; x_wconf 87' lang='lat' dir='ltr'>pecunia</span> <span class='ocrx_word' id='word_1_148' title='bbox 1334 1157 1517 1211; x_wconf 82' lang='lat' dir='ltr'>conlata,</span> <span class='ocrx_word' id='word_1_149' title='bbox 1544 1172 1676 1212; x_wconf 90' lang='lat' dir='ltr'>quan-</span> 
     </span>
     <span class='ocr_line' id='line_1_19' title="bbox 117 1215 1678 1271; baseline 0 -14"><span class='ocrx_word' id='word_1_150' title='bbox 117 1219 209 1258; x_wconf 92' lang='lat' dir='ltr'>tum</span> <span class='ocrx_word' id='word_1_151' title='bbox 242 1216 440 1257; x_wconf 86' lang='lat' dir='ltr'>conferre</span> <span class='ocrx_word' id='word_1_152' title='bbox 473 1215 622 1269; x_wconf 85' lang='lat' dir='ltr'>cuique</span> <span class='ocrx_word' id='word_1_153' title='bbox 656 1216 924 1257; x_wconf 82' lang='lat' dir='ltr'>commodum</span> <span class='ocrx_word' id='word_1_154' title='bbox 958 1219 1088 1270; x_wconf 78' lang='lat' dir='ltr'>esset,</span> <span class='ocrx_word' id='word_1_155' title='bbox 1122 1217 1281 1258; x_wconf 91' lang='lat' dir='ltr'>donum</span> <span class='ocrx_word' id='word_1_156' title='bbox 1315 1216 1473 1258; x_wconf 85' lang='lat' dir='ltr'>Iunoni</span> <span class='ocrx_word' id='word_1_157' title='bbox 1504 1217 1678 1271; x_wconf 84' lang='lat' dir='ltr'>reginae</span> 
     </span>
     <span class='ocr_line' id='line_1_20' title="bbox 118 1274 1679 1330; baseline 0.001 -14"><span class='ocrx_word' id='word_1_158' title='bbox 118 1276 164 1316; x_wconf 93' lang='lat' dir='ltr'>in</span> <span class='ocrx_word' id='word_1_159' title='bbox 194 1275 457 1316; x_wconf 86' lang='lat' dir='ltr'>Aventinum</span> <span class='ocrx_word' id='word_1_160' title='bbox 490 1274 671 1328; x_wconf 79' lang='lat' dir='ltr'>ferrent,</span> <span class='ocrx_word' id='word_1_161' title='bbox 703 1275 1095 1330; x_wconf 86' lang='lat' dir='ltr'>lectisterniumque</span> <span class='ocrx_word' id='word_1_162' title='bbox 1129 1276 1267 1330; x_wconf 84' lang='lat' dir='ltr'>fieret,</span> <span class='ocrx_word' id='word_1_163' title='bbox 1300 1279 1342 1317; x_wconf 89' lang='lat' dir='ltr'>et</span> <span class='ocrx_word' id='word_1_164' title='bbox 1374 1279 1421 1317; x_wconf 90' lang='lat' dir='ltr'>ut</span> <span class='ocrx_word' id='word_1_165' title='bbox 1453 1276 1679 1317; x_wconf 88' lang='lat' dir='ltr'>libertinae</span> 
     </span>
    </p>
   </div>
   <div class='ocr_carea' id='block_1_3' title="bbox 116 1414 865 2927">
    <p class='ocr_par' dir='ltr' id='par_1_3' title="bbox 116 1414 865 2776">
     <span class='ocr_line' id='line_1_21' title="bbox 168 1414 861 1458; baseline 0.001 -9"><span class='ocrx_word' id='word_1_166' title='bbox 168 1419 316 1450; x_wconf 81' lang='lat'>11-13,</span> <span class='ocrx_word' id='word_1_167' title='bbox 349 1419 475 1458; x_wconf 77' lang='lat' dir='ltr'>sortes,</span> <span class='ocrx_word' id='word_1_168' title='bbox 502 1414 570 1449; x_wconf 86' lang='lat' dir='ltr'>mit</span> <span class='ocrx_word' id='word_1_169' title='bbox 595 1414 861 1451; x_wconf 85' lang='lat' dir='ltr'>auffallendem</span> 
     </span>
     <span class='ocr_line' id='line_1_22' title="bbox 118 1461 861 1508; baseline 0 -10"><span class='ocrx_word' id='word_1_170' title='bbox 118 1463 350 1508; x_wconf 71' lang='lat' dir='ltr'>Asyndetom</span> <span class='ocrx_word' id='word_1_171' title='bbox 378 1462 551 1497; x_wconf 87' lang='lat' dir='ltr'>indessen</span> <span class='ocrx_word' id='word_1_172' title='bbox 577 1461 626 1496; x_wconf 86' lang='lat' dir='ltr'>ist</span> <span class='ocrx_word' id='word_1_173' title='bbox 652 1462 716 1497; x_wconf 91' lang='lat' dir='ltr'>der</span> <span class='ocrx_word' id='word_1_174' title='bbox 742 1463 861 1498; x_wconf 85' lang='lat' dir='ltr'>Name</span> 
     </span>
     <span class='ocr_line' id='line_1_23' title="bbox 120 1509 863 1545; baseline 0 0"><span class='ocrx_word' id='word_1_175' title='bbox 120 1510 222 1545; x_wconf 90' lang='lat' dir='ltr'>einer</span> <span class='ocrx_word' id='word_1_176' title='bbox 244 1509 304 1544; x_wconf 89' lang='lat' dir='ltr'>ein</span> <span class='ocrx_word' id='word_1_177' title='bbox 327 1509 463 1544; x_wconf 87' lang='lat' dir='ltr'>Orakel</span> <span class='ocrx_word' id='word_1_178' title='bbox 490 1509 729 1544; x_wconf 86' lang='lat' dir='ltr'>besitzcnden</span> <span class='ocrx_word' id='word_1_179' title='bbox 755 1511 863 1545; x_wconf 85' lang='lat' dir='ltr'>Stadt</span> 
     </span>
     <span class='ocr_line' id='line_1_24' title="bbox 119 1557 863 1601; baseline -0.001 -8"><span class='ocrx_word' id='word_1_180' title='bbox 119 1557 341 1593; x_wconf 87' lang='lat' dir='ltr'>schwerlich</span> <span class='ocrx_word' id='word_1_181' title='bbox 374 1557 616 1601; x_wconf 85' lang='lat' dir='ltr'>ausgefallen,</span> <span class='ocrx_word' id='word_1_182' title='bbox 659 1558 707 1592; x_wconf 87' lang='lat' dir='ltr'>da</span> <span class='ocrx_word' id='word_1_183' title='bbox 748 1559 863 1594; x_wconf 85' lang='lat' dir='ltr'>sehon</span> 
     </span>
     <span class='ocr_line' id='line_1_25' title="bbox 117 1605 864 1650; baseline 0 -10"><span class='ocrx_word' id='word_1_184' title='bbox 117 1605 213 1641; x_wconf 86' lang='lat' dir='ltr'>Plut.</span> <span class='ocrx_word' id='word_1_185' title='bbox 254 1605 341 1639; x_wconf 87' lang='lat' dir='ltr'>Fab.</span> <span class='ocrx_word' id='word_1_186' title='bbox 376 1609 395 1639; x_wconf 87' lang='lat'>2</span> <span class='ocrx_word' id='word_1_187' title='bbox 437 1605 502 1639; x_wconf 88' lang='lat' dir='ltr'>das</span> <span class='ocrx_word' id='word_1_188' title='bbox 542 1605 757 1650; x_wconf 86' lang='lat' dir='ltr'>Prodigium</span> <span class='ocrx_word' id='word_1_189' title='bbox 797 1607 864 1640; x_wconf 81' lang='lat' dir='ltr'>auf</span> 
     </span>
     <span class='ocr_line' id='line_1_26' title="bbox 117 1651 862 1694; baseline -0.001 -5"><span class='ocrx_word' id='word_1_190' title='bbox 117 1651 255 1689; x_wconf 87' lang='lat' dir='ltr'>Falerii</span> <span class='ocrx_word' id='word_1_191' title='bbox 275 1651 442 1694; x_wconf 85' lang='lat' dir='ltr'>bezieht,</span> <span class='ocrx_word' id='word_1_192' title='bbox 471 1651 635 1687; x_wconf 88' lang='lat' dir='ltr'>obschon</span> <span class='ocrx_word' id='word_1_193' title='bbox 649 1663 721 1687; x_wconf 87' lang='lat' dir='ltr'>von</span> <span class='ocrx_word' id='word_1_194' title='bbox 742 1653 862 1688; x_wconf 88' lang='lat' dir='ltr'>einem</span> 
     </span>
     <span class='ocr_line' id='line_1_27' title="bbox 121 1699 865 1736; baseline 0 -1"><span class='ocrx_word' id='word_1_195' title='bbox 121 1699 257 1736; x_wconf 85' lang='lat' dir='ltr'>Orakel</span> <span class='ocrx_word' id='word_1_196' title='bbox 292 1699 459 1734; x_wconf 88' lang='lat' dir='ltr'>daselbst</span> <span class='ocrx_word' id='word_1_197' title='bbox 492 1699 614 1734; x_wconf 87' lang='lat' dir='ltr'>nichts</span> <span class='ocrx_word' id='word_1_198' title='bbox 647 1700 865 1735; x_wconf 72' lang='lat' dir='ltr'>tiberliefert</span> 
     </span>
     <span class='ocr_line' id='line_1_28' title="bbox 118 1746 864 1790; baseline 0 -7"><span class='ocrx_word' id='word_1_199' title='bbox 118 1748 184 1783; x_wconf 84' lang='lat' dir='ltr'>ist:</span> <span class='ocrx_word' id='word_1_200' title='bbox 225 1758 288 1781; x_wconf 85' lang='lat' dir='ltr'>zur</span> <span class='ocrx_word' id='word_1_201' title='bbox 329 1746 446 1781; x_wconf 87' lang='lat' dir='ltr'>Sache</span> <span class='ocrx_word' id='word_1_202' title='bbox 480 1750 542 1790; x_wconf 93' lang='lat'>21,</span> <span class='ocrx_word' id='word_1_203' title='bbox 571 1751 633 1790; x_wconf 85' lang='lat'>62,</span> <span class='ocrx_word' id='word_1_204' title='bbox 664 1752 694 1782; x_wconf 87' lang='lat'>5.</span> <span class='ocrx_word' id='word_1_205' title='bbox 724 1769 767 1773; x_wconf 91' lang='lat'>—</span> <span class='ocrx_word' id='word_1_206' title='bbox 795 1759 864 1783; x_wconf 72' lang='lat' dir='ltr'>sua</span> 
     </span>
     <span class='ocr_line' id='line_1_29' title="bbox 121 1796 860 1840; baseline -0.001 -9"><span class='ocrx_word' id='word_1_207' title='bbox 121 1799 244 1840; x_wconf 76' lang='lat' dir='ltr'>sponte</span> <span class='ocrx_word' id='word_1_208' title='bbox 269 1796 443 1829; x_wconf 81' lang='lat' dir='ltr'>erwartet</span> <span class='ocrx_word' id='word_1_209' title='bbox 467 1806 554 1828; x_wconf 85' lang='lat' dir='ltr'>man</span> <span class='ocrx_word' id='word_1_210' title='bbox 582 1805 648 1829; x_wconf 85' lang='lat' dir='ltr'>vor</span> <span class='ocrx_word' id='word_1_211' title='bbox 672 1796 860 1837; x_wconf 81' lang='lat' dir='ltr'>excidisse,</span> 
     </span>
     <span class='ocr_line' id='line_1_30' title="bbox 119 1841 862 1887; baseline 0.001 -11"><span class='ocrx_word' id='word_1_212' title='bbox 119 1855 163 1878; x_wconf 86' lang='lat' dir='ltr'>zu</span> <span class='ocrx_word' id='word_1_213' title='bbox 189 1846 246 1886; x_wconf 91' lang='lat'>21,</span> <span class='ocrx_word' id='word_1_214' title='bbox 274 1845 330 1885; x_wconf 85' lang='lat'>62,</span> <span class='ocrx_word' id='word_1_215' title='bbox 358 1845 397 1884; x_wconf 88' lang='grc'>3,</span> <span class='ocrx_word' id='word_1_216' title='bbox 423 1843 597 1885; x_wconf 66' lang='lat' dir='ltr'>scriptam</span> <span class='ocrx_word' id='word_1_217' title='bbox 622 1841 681 1876; x_wconf 76' lang='lat' dir='ltr'>ffir</span> <span class='ocrx_word' id='word_1_218' title='bbox 708 1843 862 1887; x_wconf 85' lang='lat' dir='ltr'>inscrip—</span> 
     </span>
     <span class='ocr_line' id='line_1_31' title="bbox 119 1889 863 1934; baseline -0.001 -9"><span class='ocrx_word' id='word_1_219' title='bbox 119 1893 208 1925; x_wconf 87' lang='lat' dir='ltr'>tam.</span> <span class='ocrx_word' id='word_1_220' title='bbox 231 1909 270 1914; x_wconf 74' lang='lat'>—</span> <span class='ocrx_word' id='word_1_221' title='bbox 297 1889 455 1925; x_wconf 76' lang='lat' dir='ltr'>sudasse</span> <span class='ocrx_word' id='word_1_222' title='bbox 481 1892 552 1931; x_wconf 57' lang='lat' dir='ltr'>§Q</span> <span class='ocrx_word' id='word_1_223' title='bbox 575 1900 603 1922; x_wconf 88' lang='lat' dir='ltr'>c.</span> <span class='ocrx_word' id='word_1_224' title='bbox 626 1893 682 1931; x_wconf 87' lang='lat'>36,</span> <span class='ocrx_word' id='word_1_225' title='bbox 705 1894 741 1931; x_wconf 91' lang='grc'>7·</span> <span class='ocrx_word' id='word_1_226' title='bbox 770 1895 863 1934; x_wconf 82' lang='grc' dir='ltr'><em>αἱμα</em></span> 
     </span>
     <span class='ocr_line' id='line_1_32' title="bbox 122 1924 860 1980; baseline 0.003 -11"><span class='ocrx_word' id='word_1_227' title='bbox 122 1935 160 1979; x_wconf 79' lang='grc' dir='ltr'>ἐξ</span> <span class='ocrx_word' id='word_1_228' title='bbox 187 1933 412 1980; x_wconf 71' lang='grc' dir='ltr'><em>ἄγαλμάτων</em></span> <span class='ocrx_word' id='word_1_229' title='bbox 441 1933 555 1979; x_wconf 80' lang='grc' dir='ltr'><em>ὤφθη</em></span> <span class='ocrx_word' id='word_1_230' title='bbox 590 1936 717 1971; x_wconf 75' lang='lat' dir='ltr'>Zonar.</span> <span class='ocrx_word' id='word_1_231' title='bbox 746 1940 778 1978; x_wconf 98' lang='grc'>8,</span> <span class='ocrx_word' id='word_1_232' title='bbox 805 1924 860 1972; x_wconf 86' lang='grc'>22.</span> 
     </span>
     <span class='ocr_line' id='line_1_33' title="bbox 125 1982 861 2027; baseline 0 -9"><span class='ocrx_word' id='word_1_233' title='bbox 125 2005 169 2010; x_wconf 90' lang='grc'><strong>-</strong></span> <span class='ocrx_word' id='word_1_234' title='bbox 196 1983 366 2018; x_wconf 76' lang='lat' dir='ltr'>cadentis.</span> <span class='ocrx_word' id='word_1_235' title='bbox 408 1982 502 2018; x_wconf 91' lang='lat' dir='ltr'>Plin.</span> <span class='ocrx_word' id='word_1_236' title='bbox 530 1985 604 2018; x_wconf 83' lang='lat' dir='ltr'>nat.</span> <span class='ocrx_word' id='word_1_237' title='bbox 633 1983 718 2018; x_wconf 71' lang='lat' dir='ltr'>hist.</span> <span class='ocrx_word' id='word_1_238' title='bbox 747 1987 778 2027; x_wconf 95' lang='grc'>2,</span> <span class='ocrx_word' id='word_1_239' title='bbox 806 1989 861 2027; x_wconf 87' lang='grc'>35,</span> 
     </span>
     <span class='ocr_line' id='line_1_34' title="bbox 123 2013 861 2067; baseline -0.001 0"><span class='ocrx_word' id='word_1_240' title='bbox 123 2036 208 2067; x_wconf 86' lang='lat'>100:</span> <span class='ocrx_word' id='word_1_241' title='bbox 262 2029 470 2065; x_wconf 80' lang='lat' dir='ltr'>Scintillam</span> <span class='ocrx_word' id='word_1_242' title='bbox 512 2042 529 2064; x_wconf 96' lang='lat' dir='ltr'>e</span> <span class='ocrx_word' id='word_1_243' title='bbox 571 2031 680 2065; x_wconf 79' lang='lat' dir='ltr'>stella</span> <span class='ocrx_word' id='word_1_244' title='bbox 731 2013 861 2066; x_wconf 82' lang='lat' dir='ltr'>cadere⁷</span> 
     </span>
     <span class='ocr_line' id='line_1_35' title="bbox 123 2078 860 2124; baseline -0.001 -10"><span class='ocrx_word' id='word_1_245' title='bbox 123 2078 450 2124; x_wconf 64' lang='lat' dir='ltr'>(Sternschnuppe)</span> <span class='ocrx_word' id='word_1_246' title='bbox 492 2079 529 2112; x_wconf 86' lang='lat' dir='ltr'>et</span> <span class='ocrx_word' id='word_1_247' title='bbox 569 2078 696 2123; x_wconf 85' lang='lat' dir='ltr'>augeri</span> <span class='ocrx_word' id='word_1_248' title='bbox 740 2081 860 2113; x_wconf 86' lang='lat' dir='ltr'>terrae</span> 
     </span>
     <span class='ocr_line' id='line_1_36' title="bbox 121 2125 860 2171; baseline -0.001 -10"><span class='ocrx_word' id='word_1_249' title='bbox 121 2125 482 2171; x_wconf 81' lang='lat' dir='ltr'>adpropinquantem</span> <span class='ocrx_word' id='word_1_250' title='bbox 541 2136 599 2167; x_wconf 87' lang='lat' dir='ltr'>ac,</span> <span class='ocrx_word' id='word_1_251' title='bbox 661 2128 860 2171; x_wconf 83' lang='lat' dir='ltr'>postquam</span> 
     </span>
     <span class='ocr_line' id='line_1_37' title="bbox 118 2172 861 2218; baseline -0.001 -9"><span class='ocrx_word' id='word_1_252' title='bbox 118 2175 229 2209; x_wconf 87' lang='lat' dir='ltr'>lunae</span> <span class='ocrx_word' id='word_1_253' title='bbox 263 2173 522 2218; x_wconf 86' lang='lat' dir='ltr'>magnitudine</span> <span class='ocrx_word' id='word_1_254' title='bbox 561 2173 663 2208; x_wconf 86' lang='lat' dir='ltr'>facta</span> <span class='ocrx_word' id='word_1_255' title='bbox 701 2172 766 2216; x_wconf 81' lang='lat' dir='ltr'>sit,</span> <span class='ocrx_word' id='word_1_256' title='bbox 808 2174 861 2208; x_wconf 88' lang='lat' dir='ltr'>in-</span> 
     </span>
     <span class='ocr_line' id='line_1_38' title="bbox 119 2221 860 2265; baseline -0.001 -9"><span class='ocrx_word' id='word_1_257' title='bbox 119 2221 255 2256; x_wconf 84' lang='lat' dir='ltr'>luxisse</span> <span class='ocrx_word' id='word_1_258' title='bbox 292 2231 359 2255; x_wconf 89' lang='lat' dir='ltr'>ceu</span> <span class='ocrx_word' id='word_1_259' title='bbox 394 2221 520 2255; x_wconf 87' lang='lat' dir='ltr'>nubilo</span> <span class='ocrx_word' id='word_1_260' title='bbox 547 2221 606 2255; x_wconf 90' lang='lat' dir='ltr'>die</span> <span class='ocrx_word' id='word_1_261' title='bbox 635 2249 642 2256; x_wconf 87' lang='lat'>.</span> <span class='ocrx_word' id='word_1_262' title='bbox 671 2248 676 2254; x_wconf 95' lang='lat'>.</span> <span class='ocrx_word' id='word_1_263' title='bbox 706 2249 711 2255; x_wconf 94' lang='lat'>.</span> <span class='ocrx_word' id='word_1_264' title='bbox 740 2221 860 2265; x_wconf 88' lang='lat' dir='ltr'>prodi-</span> 
     </span>
     <span class='ocr_line' id='line_1_39' title="bbox 116 2267 859 2303; baseline 0 0"><span class='ocrx_word' id='word_1_265' title='bbox 116 2270 190 2303; x_wconf 88' lang='lat' dir='ltr'>tur.</span> <span class='ocrx_word' id='word_1_266' title='bbox 218 2289 261 2293; x_wconf 95' lang='lat'><strong>—</strong></span> <span class='ocrx_word' id='word_1_267' title='bbox 295 2269 514 2303; x_wconf 76' lang='lat' dir='ltr'>minoribus.-</span> <span class='ocrx_word' id='word_1_268' title='bbox 553 2267 654 2302; x_wconf 85' lang='lat' dir='ltr'>diese</span> <span class='ocrx_word' id='word_1_269' title='bbox 694 2268 859 2303; x_wconf 86' lang='lat' dir='ltr'>konnten</span> 
     </span>
     <span class='ocr_line' id='line_1_40' title="bbox 117 2315 858 2351; baseline 0 0"><span class='ocrx_word' id='word_1_270' title='bbox 117 2316 222 2351; x_wconf 87' lang='lat' dir='ltr'>nicht</span> <span class='ocrx_word' id='word_1_271' title='bbox 254 2326 293 2350; x_wconf 91' lang='lat' dir='ltr'>so</span> <span class='ocrx_word' id='word_1_272' title='bbox 333 2315 513 2350; x_wconf 87' lang='lat' dir='ltr'>schweres</span> <span class='ocrx_word' id='word_1_273' title='bbox 545 2315 680 2350; x_wconf 87' lang='lat' dir='ltr'>Unheil</span> <span class='ocrx_word' id='word_1_274' title='bbox 719 2316 858 2351; x_wconf 77' lang='lat' dir='ltr'>ankfln-</span> 
     </span>
     <span class='ocr_line' id='line_1_41' title="bbox 121 2362 859 2408; baseline -0.001 -10"><span class='ocrx_word' id='word_1_275' title='bbox 121 2364 203 2408; x_wconf 88' lang='lat' dir='ltr'>den,</span> <span class='ocrx_word' id='word_1_276' title='bbox 228 2362 297 2397; x_wconf 88' lang='lat' dir='ltr'>wie</span> <span class='ocrx_word' id='word_1_277' title='bbox 325 2363 383 2397; x_wconf 89' lang='lat' dir='ltr'>die</span> <span class='ocrx_word' id='word_1_278' title='bbox 409 2363 543 2397; x_wconf 89' lang='lat' dir='ltr'>vorher</span> <span class='ocrx_word' id='word_1_279' title='bbox 570 2363 794 2406; x_wconf 77' lang='lat' dir='ltr'>erw&#39;ahnten‚</span> <span class='ocrx_word' id='word_1_280' title='bbox 822 2363 859 2398; x_wconf 91' lang='lat' dir='ltr'>in</span> 
     </span>
     <span class='ocr_line' id='line_1_42' title="bbox 118 2391 859 2455; baseline -0.003 -9"><span class='ocrx_word' id='word_1_281' title='bbox 118 2411 236 2446; x_wconf 89' lang='lat' dir='ltr'>denen</span> <span class='ocrx_word' id='word_1_282' title='bbox 269 2410 520 2455; x_wconf 67' lang='lat' dir='ltr'>gewaltigei</span> <span class='ocrx_word' id='word_1_283' title='bbox 503 2391 859 2445; x_wconf 79' lang='lat' dir='ltr'>Naturerscheiriun-</span> 
     </span>
     <span class='ocr_line' id='line_1_43' title="bbox 119 2456 858 2511; baseline -0.001 -18"><span class='ocrx_word' id='word_1_284' title='bbox 119 2469 200 2511; x_wconf 79' lang='lat' dir='ltr'>gen,</span> <span class='ocrx_word' id='word_1_285' title='bbox 227 2457 375 2502; x_wconf 86' lang='lat' dir='ltr'>Kampf,</span> <span class='ocrx_word' id='word_1_286' title='bbox 405 2456 550 2491; x_wconf 80' lang='lat' dir='ltr'>Waffen</span> <span class='ocrx_word' id='word_1_287' title='bbox 576 2457 651 2491; x_wconf 91' lang='lat' dir='ltr'>und</span> <span class='ocrx_word' id='word_1_288' title='bbox 672 2457 758 2492; x_wconf 85' lang='lat' dir='ltr'>Blut</span> <span class='ocrx_word' id='word_1_289' title='bbox 778 2468 858 2492; x_wconf 82' lang='lat' dir='ltr'>vor-</span> 
     </span>
     <span class='ocr_line' id='line_1_44' title="bbox 118 2504 860 2551; baseline 0 -12"><span class='ocrx_word' id='word_1_290' title='bbox 118 2505 271 2551; x_wconf 87' lang='lat' dir='ltr'>wiegen.</span> <span class='ocrx_word' id='word_1_291' title='bbox 312 2525 355 2529; x_wconf 96' lang='lat'><strong>—</strong></span> <span class='ocrx_word' id='word_1_292' title='bbox 395 2505 540 2539; x_wconf 77' lang='lat' dir='ltr'>lanatas</span> <span class='ocrx_word' id='word_1_293' title='bbox 572 2506 597 2547; x_wconf 79' lang='lat' dir='ltr'>f.</span> <span class='ocrx_word' id='word_1_294' title='bbox 638 2504 763 2538; x_wconf 82' lang='lat' dir='ltr'>indem</span> <span class='ocrx_word' id='word_1_295' title='bbox 801 2504 860 2539; x_wconf 88' lang='lat' dir='ltr'>die</span> 
     </span>
     <span class='ocr_line' id='line_1_45' title="bbox 119 2550 857 2587; baseline -0.001 0"><span class='ocrx_word' id='word_1_296' title='bbox 119 2553 240 2587; x_wconf 80' lang='lat' dir='ltr'>Haare</span> <span class='ocrx_word' id='word_1_297' title='bbox 266 2551 342 2587; x_wconf 88' lang='lat' dir='ltr'>sich</span> <span class='ocrx_word' id='word_1_298' title='bbox 369 2552 407 2586; x_wconf 88' lang='lat' dir='ltr'>in</span> <span class='ocrx_word' id='word_1_299' title='bbox 428 2552 549 2586; x_wconf 90' lang='lat' dir='ltr'>Wolle</span> <span class='ocrx_word' id='word_1_300' title='bbox 571 2550 857 2587; x_wconf 83' lang='lat' dir='ltr'>verwandelten</span> 
     </span>
     <span class='ocr_line' id='line_1_46' title="bbox 122 2598 858 2644; baseline -0.001 -10"><span class='ocrx_word' id='word_1_301' title='bbox 122 2620 168 2625; x_wconf 86' lang='lat'><strong>—</strong></span> <span class='ocrx_word' id='word_1_302' title='bbox 186 2610 257 2634; x_wconf 76' lang='lat' dir='ltr'>sese</span> <span class='ocrx_word' id='word_1_303' title='bbox 276 2603 362 2634; x_wconf 70' lang='lat' dir='ltr'>veit.</span> <span class='ocrx_word' id='word_1_304' title='bbox 385 2599 618 2644; x_wconf 72' lang='lat' dir='ltr'>gewijhnlich</span> <span class='ocrx_word' id='word_1_305' title='bbox 640 2598 745 2641; x_wconf 85' lang='lat' dir='ltr'>verti,</span> <span class='ocrx_word' id='word_1_306' title='bbox 775 2609 858 2633; x_wconf 88' lang='lat' dir='ltr'>con—</span> 
     </span>
     <span class='ocr_line' id='line_1_47' title="bbox 118 2645 858 2691; baseline 0 -10"><span class='ocrx_word' id='word_1_307' title='bbox 118 2647 230 2690; x_wconf 81' lang='lat' dir='ltr'>verti3</span> <span class='ocrx_word' id='word_1_308' title='bbox 270 2647 343 2691; x_wconf 85' lang='lat' dir='ltr'>vgl.</span> <span class='ocrx_word' id='word_1_309' title='bbox 383 2649 439 2689; x_wconf 90' lang='grc'>21,</span> <span class='ocrx_word' id='word_1_310' title='bbox 479 2649 534 2689; x_wconf 89' lang='grc'>62,</span> <span class='ocrx_word' id='word_1_311' title='bbox 574 2650 595 2680; x_wconf 84' lang='grc'>4</span> <span class='ocrx_word' id='word_1_312' title='bbox 635 2645 781 2680; x_wconf 72' lang='lat' dir='ltr'>hastam</span> <span class='ocrx_word' id='word_1_313' title='bbox 822 2657 858 2681; x_wconf 91' lang='lat' dir='ltr'>se</span> 
     </span>
     <span class='ocr_line' id='line_1_48' title="bbox 120 2693 857 2737; baseline -0.001 -9"><span class='ocrx_word' id='word_1_314' title='bbox 120 2694 363 2730; x_wconf 87' lang='lat' dir='ltr'>commovisse</span> <span class='ocrx_word' id='word_1_315' title='bbox 399 2695 494 2728; x_wconf 84' lang='lat' dir='ltr'>statt</span> <span class='ocrx_word' id='word_1_316' title='bbox 538 2693 601 2728; x_wconf 88' lang='lat' dir='ltr'>des</span> <span class='ocrx_word' id='word_1_317' title='bbox 646 2693 857 2737; x_wconf 72' lang='lat' dir='ltr'>h&#39;ziufigeren</span> 
     </span>
     <span class='ocr_line' id='line_1_49' title="bbox 118 2743 373 2776; baseline 0.004 -1"><span class='ocrx_word' id='word_1_318' title='bbox 118 2743 260 2776; x_wconf 79' lang='lat' dir='ltr'>motam</span> <span class='ocrx_word' id='word_1_319' title='bbox 287 2752 373 2776; x_wconf 86' lang='lat' dir='ltr'>esse.</span> 
     </span>
    </p>

    <p class='ocr_par' dir='ltr' id='par_1_4' title="bbox 121 2787 858 2927">
     <span class='ocr_line' id='line_1_50' title="bbox 169 2787 858 2830; baseline 0.001 -8"><span class='ocrx_word' id='word_1_320' title='bbox 169 2792 317 2823; x_wconf 83' lang='lat'>14-16.</span> <span class='ocrx_word' id='word_1_321' title='bbox 344 2789 458 2830; x_wconf 78' lang='lat' dir='ltr'>sicut,</span> <span class='ocrx_word' id='word_1_322' title='bbox 485 2788 579 2822; x_wconf 89' lang='lat' dir='ltr'>ohne</span> <span class='ocrx_word' id='word_1_323' title='bbox 607 2787 665 2822; x_wconf 86' lang='lat' dir='ltr'>die</span> <span class='ocrx_word' id='word_1_324' title='bbox 688 2788 858 2823; x_wconf 80' lang='lat' dir='ltr'>Berichte</span> 
     </span>
     <span class='ocr_line' id='line_1_51' title="bbox 121 2834 858 2878; baseline 0.001 -10"><span class='ocrx_word' id='word_1_325' title='bbox 121 2834 436 2870; x_wconf 66' lang='lat' dir='ltr'>abzuschwiichen</span> <span class='ocrx_word' id='word_1_326' title='bbox 451 2835 539 2870; x_wconf 88' lang='lat' dir='ltr'>oder</span> <span class='ocrx_word' id='word_1_327' title='bbox 554 2847 598 2870; x_wconf 91' lang='lat' dir='ltr'>zu</span> <span class='ocrx_word' id='word_1_328' title='bbox 611 2835 858 2878; x_wconf 78' lang='lat' dir='ltr'>fibertreiben,</span> 
     </span>
     <span class='ocr_line' id='line_1_52' title="bbox 121 2882 858 2927; baseline 0.001 -12"><span class='ocrx_word' id='word_1_329' title='bbox 121 2884 177 2926; x_wconf 86' lang='lat'>21,</span> <span class='ocrx_word' id='word_1_330' title='bbox 213 2885 268 2926; x_wconf 85' lang='lat'>49,</span> <span class='ocrx_word' id='word_1_331' title='bbox 310 2886 348 2925; x_wconf 75' lang='lat'>63</span> <span class='ocrx_word' id='word_1_332' title='bbox 393 2883 582 2927; x_wconf 76' lang='lat' dir='ltr'>expositis,</span> <span class='ocrx_word' id='word_1_333' title='bbox 628 2882 741 2916; x_wconf 84' lang='lat' dir='ltr'>durch</span> <span class='ocrx_word' id='word_1_334' title='bbox 787 2883 858 2917; x_wconf 84' lang='lat' dir='ltr'>den</span> 
     </span>
    </p>
   </div>
   <div class='ocr_carea' id='block_1_4' title="bbox 932 1415 1679 2927">
    <p class='ocr_par' dir='ltr' id='par_1_5' title="bbox 934 1415 1679 2267">
     <span class='ocr_line' id='line_1_53' title="bbox 936 1415 1676 1451; baseline -0.001 0"><span class='ocrx_word' id='word_1_335' title='bbox 936 1415 1203 1451; x_wconf 86' lang='lat' dir='ltr'>Vorsitzenden</span> <span class='ocrx_word' id='word_1_336' title='bbox 1237 1416 1300 1451; x_wconf 87' lang='lat' dir='ltr'>des</span> <span class='ocrx_word' id='word_1_337' title='bbox 1334 1416 1497 1451; x_wconf 84' lang='lat' dir='ltr'>Senates.</span> <span class='ocrx_word' id='word_1_338' title='bbox 1533 1437 1575 1440; x_wconf 91' lang='lat'>—</span> <span class='ocrx_word' id='word_1_339' title='bbox 1612 1417 1676 1450; x_wconf 75' lang='lat' dir='ltr'>tri-</span> 
     </span>
     <span class='ocr_line' id='line_1_54' title="bbox 937 1464 1678 1507; baseline -0.003 -8"><span class='ocrx_word' id='word_1_340' title='bbox 937 1466 1067 1505; x_wconf 72' lang='lat' dir='ltr'>duum,</span> <span class='ocrx_word' id='word_1_341' title='bbox 1093 1464 1161 1499; x_wconf 87' lang='lat' dir='ltr'>wie</span> <span class='ocrx_word' id='word_1_342' title='bbox 1189 1468 1245 1507; x_wconf 90' lang='lat'>31,</span> <span class='ocrx_word' id='word_1_343' title='bbox 1272 1466 1307 1507; x_wconf 88' lang='grc'>8,</span> <span class='ocrx_word' id='word_1_344' title='bbox 1330 1467 1361 1498; x_wconf 92' lang='grc'>2.</span> <span class='ocrx_word' id='word_1_345' title='bbox 1389 1467 1446 1505; x_wconf 79' lang='grc'>40,</span> <span class='ocrx_word' id='word_1_346' title='bbox 1473 1467 1529 1506; x_wconf 85' lang='grc'>53,</span> <span class='ocrx_word' id='word_1_347' title='bbox 1556 1468 1576 1498; x_wconf 88' lang='grc'>3</span> <span class='ocrx_word' id='word_1_348' title='bbox 1603 1464 1678 1498; x_wconf 89' lang='lat' dir='ltr'>und</span> 
     </span>
     <span class='ocr_line' id='line_1_55' title="bbox 939 1510 1677 1556; baseline -0.003 -9"><span class='ocrx_word' id='word_1_349' title='bbox 939 1512 1008 1554; x_wconf 67' lang='lat' dir='ltr'>oft,</span> <span class='ocrx_word' id='word_1_350' title='bbox 1047 1511 1137 1546; x_wconf 77' lang='lat' dir='ltr'>fiber</span> <span class='ocrx_word' id='word_1_351' title='bbox 1164 1511 1223 1546; x_wconf 88' lang='lat' dir='ltr'>die</span> <span class='ocrx_word' id='word_1_352' title='bbox 1249 1510 1457 1556; x_wconf 83' lang='lat' dir='ltr'>Heiligkeit</span> <span class='ocrx_word' id='word_1_353' title='bbox 1482 1511 1547 1546; x_wconf 86' lang='lat' dir='ltr'>der</span> <span class='ocrx_word' id='word_1_354' title='bbox 1573 1511 1677 1546; x_wconf 82' lang='lat' dir='ltr'>Drei-</span> 
     </span>
     <span class='ocr_line' id='line_1_56' title="bbox 937 1559 1679 1603; baseline -0.003 -9"><span class='ocrx_word' id='word_1_355' title='bbox 937 1559 1019 1594; x_wconf 85' lang='lat' dir='ltr'>zahl</span> <span class='ocrx_word' id='word_1_356' title='bbox 1046 1559 1119 1603; x_wconf 81' lang='lat' dir='ltr'>vgl.</span> <span class='ocrx_word' id='word_1_357' title='bbox 1148 1563 1203 1603; x_wconf 91' lang='lat'>21,</span> <span class='ocrx_word' id='word_1_358' title='bbox 1233 1563 1288 1603; x_wconf 86' lang='lat'>62,</span> <span class='ocrx_word' id='word_1_359' title='bbox 1316 1563 1345 1593; x_wconf 89' lang='grc'>6.</span> <span class='ocrx_word' id='word_1_360' title='bbox 1375 1562 1431 1602; x_wconf 88' lang='grc'>23,</span> <span class='ocrx_word' id='word_1_361' title='bbox 1459 1563 1514 1601; x_wconf 91' lang='grc'>31,</span> <span class='ocrx_word' id='word_1_362' title='bbox 1544 1563 1587 1593; x_wconf 85' lang='grc'>15</span> <span class='ocrx_word' id='word_1_363' title='bbox 1614 1570 1679 1593; x_wconf 91' lang='lat' dir='ltr'>no-</span> 
     </span>
     <span class='ocr_line' id='line_1_57' title="bbox 935 1606 1678 1650; baseline -0.003 -8"><span class='ocrx_word' id='word_1_364' title='bbox 935 1606 1119 1642; x_wconf 84' lang='lat' dir='ltr'>vemdiale</span> <span class='ocrx_word' id='word_1_365' title='bbox 1153 1618 1314 1650; x_wconf 87' lang='lat' dir='ltr'>sacrum,</span> <span class='ocrx_word' id='word_1_366' title='bbox 1342 1609 1397 1648; x_wconf 90' lang='grc'>27,</span> <span class='ocrx_word' id='word_1_367' title='bbox 1426 1610 1481 1649; x_wconf 88' lang='grc'>37,</span> <span class='ocrx_word' id='word_1_368' title='bbox 1511 1610 1529 1640; x_wconf 91' lang='grc'><strong>7</strong></span> <span class='ocrx_word' id='word_1_369' title='bbox 1557 1606 1678 1640; x_wconf 89' lang='lat' dir='ltr'>decre-</span> 
     </span>
     <span class='ocr_line' id='line_1_58' title="bbox 937 1653 1679 1698; baseline 0 -10"><span class='ocrx_word' id='word_1_370' title='bbox 937 1665 1024 1689; x_wconf 87' lang='lat' dir='ltr'>vere</span> <span class='ocrx_word' id='word_1_371' title='bbox 1068 1654 1281 1698; x_wconf 72' lang='lat' dir='ltr'>pontifices,</span> <span class='ocrx_word' id='word_1_372' title='bbox 1331 1656 1373 1689; x_wconf 88' lang='lat' dir='ltr'>ut</span> <span class='ocrx_word' id='word_1_373' title='bbox 1416 1653 1578 1698; x_wconf 86' lang='lat' dir='ltr'>virgines</span> <span class='ocrx_word' id='word_1_374' title='bbox 1622 1654 1679 1688; x_wconf 88' lang='lat' dir='ltr'>ter</span> 
     </span>
     <span class='ocr_line' id='line_1_59' title="bbox 936 1701 1678 1744; baseline -0.003 -7"><span class='ocrx_word' id='word_1_375' title='bbox 936 1712 1102 1737; x_wconf 85' lang='lat' dir='ltr'>novenae</span> <span class='ocrx_word' id='word_1_376' title='bbox 1131 1713 1278 1736; x_wconf 87' lang='lat' dir='ltr'>carmen</span> <span class='ocrx_word' id='word_1_377' title='bbox 1306 1702 1496 1744; x_wconf 81' lang='lat' dir='ltr'>cancrent,</span> <span class='ocrx_word' id='word_1_378' title='bbox 1531 1701 1607 1735; x_wconf 91' lang='lat' dir='ltr'>und</span> <span class='ocrx_word' id='word_1_379' title='bbox 1634 1713 1678 1735; x_wconf 84' lang='lat' dir='ltr'>zu</span> 
     </span>
     <span class='ocr_line' id='line_1_60' title="bbox 937 1748 1676 1792; baseline -0.001 -9"><span class='ocrx_word' id='word_1_380' title='bbox 937 1761 964 1784; x_wconf 91' lang='lat' dir='ltr'>c.</span> <span class='ocrx_word' id='word_1_381' title='bbox 985 1753 1037 1792; x_wconf 88' lang='lat'>10,</span> <span class='ocrx_word' id='word_1_382' title='bbox 1055 1753 1085 1783; x_wconf 82' lang='lat'>7.</span> <span class='ocrx_word' id='word_1_383' title='bbox 1101 1769 1144 1774; x_wconf 90' lang='lat'>—</span> <span class='ocrx_word' id='word_1_384' title='bbox 1161 1750 1283 1791; x_wconf 80' lang='lat' dir='ltr'>libros,</span> <span class='ocrx_word' id='word_1_385' title='bbox 1305 1748 1363 1783; x_wconf 88' lang='lat' dir='ltr'>die</span> <span class='ocrx_word' id='word_1_386' title='bbox 1385 1748 1676 1792; x_wconf 83' lang='lat' dir='ltr'>sibyllinischen‚</span> 
     </span>
     <span class='ocr_line' id='line_1_61' title="bbox 941 1795 1677 1840; baseline -0.001 -10"><span class='ocrx_word' id='word_1_387' title='bbox 941 1797 1082 1832; x_wconf 82' lang='lat' dir='ltr'>welche</span> <span class='ocrx_word' id='word_1_388' title='bbox 1097 1797 1133 1830; x_wconf 91' lang='lat' dir='ltr'>in</span> <span class='ocrx_word' id='word_1_389' title='bbox 1155 1795 1412 1840; x_wconf 83' lang='lat' dir='ltr'>griechischen</span> <span class='ocrx_word' id='word_1_390' title='bbox 1427 1796 1566 1830; x_wconf 87' lang='lat' dir='ltr'>Versen</span> <span class='ocrx_word' id='word_1_391' title='bbox 1588 1797 1677 1839; x_wconf 88' lang='lat' dir='ltr'>(car-</span> 
     </span>
     <span class='ocr_line' id='line_1_62' title="bbox 936 1842 1678 1887; baseline -0.001 -10"><span class='ocrx_word' id='word_1_392' title='bbox 936 1843 1112 1887; x_wconf 85' lang='lat' dir='ltr'>minibus)</span> <span class='ocrx_word' id='word_1_393' title='bbox 1148 1844 1206 1878; x_wconf 92' lang='lat' dir='ltr'>die</span> <span class='ocrx_word' id='word_1_394' title='bbox 1232 1855 1293 1877; x_wconf 89' lang='lat' dir='ltr'>zur</span> <span class='ocrx_word' id='word_1_395' title='bbox 1321 1843 1499 1887; x_wconf 77' lang='lat' dir='ltr'>Sfihnung</span> <span class='ocrx_word' id='word_1_396' title='bbox 1524 1842 1678 1887; x_wconf 74' lang='lat' dir='ltr'>notigen</span> 
     </span>
     <span class='ocr_line' id='line_1_63' title="bbox 939 1889 1674 1935; baseline -0.001 -10"><span class='ocrx_word' id='word_1_397' title='bbox 939 1891 1314 1935; x_wconf 80' lang='lat' dir='ltr'>Kultushandlungen</span> <span class='ocrx_word' id='word_1_398' title='bbox 1340 1889 1611 1925; x_wconf 85' lang='lat' dir='ltr'>vorschrieben.</span> <span class='ocrx_word' id='word_1_399' title='bbox 1633 1911 1674 1915; x_wconf 89' lang='lat'>—</span> 
     </span>
     <span class='ocr_line' id='line_1_64' title="bbox 936 1937 1676 1983; baseline -0.001 -11"><span class='ocrx_word' id='word_1_400' title='bbox 936 1939 1248 1983; x_wconf 74' lang='lat' dir='ltr'>quemadmodum,</span> <span class='ocrx_word' id='word_1_401' title='bbox 1283 1950 1346 1971; x_wconf 89' lang='lat' dir='ltr'>um</span> <span class='ocrx_word' id='word_1_402' title='bbox 1383 1937 1453 1971; x_wconf 84' lang='lat' dir='ltr'>mit</span> <span class='ocrx_word' id='word_1_403' title='bbox 1490 1940 1530 1971; x_wconf 75' lang='lat' dir='ltr'>ut</span> <span class='ocrx_word' id='word_1_404' title='bbox 1568 1938 1676 1972; x_wconf 85' lang='lat' dir='ltr'>abzu-</span> 
     </span>
     <span class='ocr_line' id='line_1_65' title="bbox 936 1986 1675 2029; baseline -0.001 -9"><span class='ocrx_word' id='word_1_405' title='bbox 936 1986 1137 2028; x_wconf 87' lang='lat' dir='ltr'>wechseln,</span> <span class='ocrx_word' id='word_1_406' title='bbox 1174 1996 1216 2018; x_wconf 89' lang='lat' dir='ltr'>zu</span> <span class='ocrx_word' id='word_1_407' title='bbox 1255 1989 1317 2028; x_wconf 88' lang='lat'>21,</span> <span class='ocrx_word' id='word_1_408' title='bbox 1354 1989 1414 2027; x_wconf 81' lang='lat'>13,</span> <span class='ocrx_word' id='word_1_409' title='bbox 1442 1988 1473 2019; x_wconf 85' lang='lat'>5.</span> <span class='ocrx_word' id='word_1_410' title='bbox 1503 2005 1545 2010; x_wconf 83' lang='lat'>—</span> <span class='ocrx_word' id='word_1_411' title='bbox 1568 1996 1675 2029; x_wconf 74' lang='lat' dir='ltr'>prae-</span> 
     </span>
     <span class='ocr_line' id='line_1_66' title="bbox 934 2032 1674 2076; baseline -0.001 -9"><span class='ocrx_word' id='word_1_412' title='bbox 934 2034 1120 2075; x_wconf 76' lang='lat' dir='ltr'>farentur,</span> <span class='ocrx_word' id='word_1_413' title='bbox 1166 2032 1225 2067; x_wconf 81' lang='lat' dir='ltr'>die</span> <span class='ocrx_word' id='word_1_414' title='bbox 1267 2032 1484 2067; x_wconf 89' lang='lat' dir='ltr'>Decemvirn</span> <span class='ocrx_word' id='word_1_415' title='bbox 1523 2033 1580 2076; x_wconf 84' lang='lat' dir='ltr'>(zu</span> <span class='ocrx_word' id='word_1_416' title='bbox 1619 2036 1674 2074; x_wconf 92' lang='lat'>21,</span> 
     </span>
     <span class='ocr_line' id='line_1_67' title="bbox 936 2079 1676 2123; baseline -0.001 -8"><span class='ocrx_word' id='word_1_417' title='bbox 936 2085 991 2123; x_wconf 84' lang='grc'>62,</span> <span class='ocrx_word' id='word_1_418' title='bbox 1019 2081 1066 2123; x_wconf 90' lang='lat'>6),</span> <span class='ocrx_word' id='word_1_419' title='bbox 1094 2082 1197 2114; x_wconf 86' lang='lat' dir='ltr'>sonst</span> <span class='ocrx_word' id='word_1_420' title='bbox 1222 2080 1389 2123; x_wconf 68' lang='lat' dir='ltr'>haufiger</span> <span class='ocrx_word' id='word_1_421' title='bbox 1415 2079 1536 2123; x_wconf 85' lang='lat' dir='ltr'>edere,</span> <span class='ocrx_word' id='word_1_422' title='bbox 1563 2090 1592 2114; x_wconf 80' lang='lat' dir='ltr'>e.</span> <span class='ocrx_word' id='word_1_423' title='bbox 1622 2084 1676 2123; x_wconf 88' lang='grc'>10,</span> 
     </span>
     <span class='ocr_line' id='line_1_68' title="bbox 937 2126 1677 2171; baseline 0 -10"><span class='ocrx_word' id='word_1_424' title='bbox 937 2131 990 2162; x_wconf 92' lang='grc'>10.</span> <span class='ocrx_word' id='word_1_425' title='bbox 1018 2131 1074 2171; x_wconf 88' lang='grc'>37,</span> <span class='ocrx_word' id='word_1_426' title='bbox 1102 2132 1132 2170; x_wconf 87' lang='lat'>3,</span> <span class='ocrx_word' id='word_1_427' title='bbox 1162 2131 1181 2161; x_wconf 89' lang='lat'>5</span> <span class='ocrx_word' id='word_1_428' title='bbox 1215 2127 1347 2171; x_wconf 89' lang='lat' dir='ltr'>quibus</span> <span class='ocrx_word' id='word_1_429' title='bbox 1380 2126 1449 2161; x_wconf 83' lang='lat' dir='ltr'>diis</span> <span class='ocrx_word' id='word_1_430' title='bbox 1476 2127 1677 2162; x_wconf 86' lang='lat' dir='ltr'>decemviri</span> 
     </span>
     <span class='ocr_line' id='line_1_69' title="bbox 939 2173 1675 2218; baseline -0.001 -9"><span class='ocrx_word' id='word_1_431' title='bbox 939 2186 981 2209; x_wconf 82' lang='lat' dir='ltr'>ex</span> <span class='ocrx_word' id='word_1_432' title='bbox 1002 2174 1106 2209; x_wconf 87' lang='lat' dir='ltr'>libris</span> <span class='ocrx_word' id='word_1_433' title='bbox 1126 2179 1167 2209; x_wconf 87' lang='lat' dir='ltr'>ut</span> <span class='ocrx_word' id='word_1_434' title='bbox 1193 2175 1313 2218; x_wconf 87' lang='lat' dir='ltr'>fieret,</span> <span class='ocrx_word' id='word_1_435' title='bbox 1342 2173 1553 2218; x_wconf 80' lang='lat' dir='ltr'>ediderunt3</span> <span class='ocrx_word' id='word_1_436' title='bbox 1581 2175 1675 2209; x_wconf 84' lang='lat' dir='ltr'>auch</span> 
     </span>
     <span class='ocr_line' id='line_1_70' title="bbox 934 2222 1302 2267; baseline 0.003 -11"><span class='ocrx_word' id='word_1_437' title='bbox 934 2222 1076 2267; x_wconf 83' lang='lat' dir='ltr'>praeire</span> <span class='ocrx_word' id='word_1_438' title='bbox 1103 2226 1158 2265; x_wconf 87' lang='lat'>43,</span> <span class='ocrx_word' id='word_1_439' title='bbox 1190 2226 1242 2265; x_wconf 91' lang='lat'>13,</span> <span class='ocrx_word' id='word_1_440' title='bbox 1270 2225 1302 2257; x_wconf 88' lang='lat'>8.</span> 
     </span>
    </p>

    <p class='ocr_par' dir='ltr' id='par_1_6' title="bbox 932 2269 1675 2927">
     <span class='ocr_line' id='line_1_71' title="bbox 982 2269 1675 2314; baseline -0.001 -10"><span class='ocrx_word' id='word_1_441' title='bbox 982 2274 1130 2304; x_wconf 86' lang='lat'>17—20.</span> <span class='ocrx_word' id='word_1_442' title='bbox 1154 2271 1316 2314; x_wconf 74' lang='lat' dir='ltr'>primum</span> <span class='ocrx_word' id='word_1_443' title='bbox 1344 2286 1385 2298; x_wconf 94' lang='lat'><strong><em>=</em></strong></span> <span class='ocrx_word' id='word_1_444' title='bbox 1414 2269 1488 2304; x_wconf 87' lang='lat' dir='ltr'>iam</span> <span class='ocrx_word' id='word_1_445' title='bbox 1514 2269 1675 2314; x_wconf 88' lang='lat' dir='ltr'>primum</span> 
     </span>
     <span class='ocr_line' id='line_1_72' title="bbox 933 2317 1673 2360; baseline -0.003 -8"><span class='ocrx_word' id='word_1_446' title='bbox 933 2318 1112 2360; x_wconf 87' lang='lat' dir='ltr'>omnium,</span> <span class='ocrx_word' id='word_1_447' title='bbox 1148 2317 1324 2352; x_wconf 86' lang='lat' dir='ltr'>welchem</span> <span class='ocrx_word' id='word_1_448' title='bbox 1359 2317 1452 2351; x_wconf 83' lang='lat' dir='ltr'>auch</span> <span class='ocrx_word' id='word_1_449' title='bbox 1489 2320 1544 2358; x_wconf 90' lang='lat'>21,</span> <span class='ocrx_word' id='word_1_450' title='bbox 1572 2320 1626 2356; x_wconf 82' lang='lat'>62,</span> <span class='ocrx_word' id='word_1_451' title='bbox 1656 2320 1673 2350; x_wconf 94' lang='grc'><strong>7</strong></span> 
     </span>
     <span class='ocr_line' id='line_1_73' title="bbox 935 2363 1675 2409; baseline -0.004 -10"><span class='ocrx_word' id='word_1_452' title='bbox 935 2365 995 2399; x_wconf 86' lang='lat' dir='ltr'>bei</span> <span class='ocrx_word' id='word_1_453' title='bbox 1023 2364 1261 2409; x_wconf 65' lang='lat' dir='ltr'>Aufziihlung</span> <span class='ocrx_word' id='word_1_454' title='bbox 1290 2375 1361 2399; x_wconf 90' lang='lat' dir='ltr'>von</span> <span class='ocrx_word' id='word_1_455' title='bbox 1390 2363 1675 2409; x_wconf 76' lang='lat' dir='ltr'>Prodigienssih-</span> 
     </span>
     <span class='ocr_line' id='line_1_74' title="bbox 933 2411 1674 2457; baseline -0.003 -11"><span class='ocrx_word' id='word_1_456' title='bbox 933 2422 1081 2457; x_wconf 81' lang='lat' dir='ltr'>nungen</span> <span class='ocrx_word' id='word_1_457' title='bbox 1108 2412 1212 2446; x_wconf 81' lang='lat' dir='ltr'>nicht</span> <span class='ocrx_word' id='word_1_458' title='bbox 1238 2411 1387 2454; x_wconf 88' lang='lat' dir='ltr'>deinde,</span> <span class='ocrx_word' id='word_1_459' title='bbox 1424 2412 1582 2445; x_wconf 85' lang='lat' dir='ltr'>sondern</span> <span class='ocrx_word' id='word_1_460' title='bbox 1609 2411 1674 2445; x_wconf 84' lang='lat' dir='ltr'>das</span> 
     </span>
     <span class='ocr_line' id='line_1_75' title="bbox 936 2458 1672 2501; baseline 0.001 -9"><span class='ocrx_word' id='word_1_461' title='bbox 936 2458 986 2493; x_wconf 88' lang='lat' dir='ltr'>im</span> <span class='ocrx_word' id='word_1_462' title='bbox 1014 2459 1231 2494; x_wconf 85' lang='lat' dir='ltr'>Sakralstile</span> <span class='ocrx_word' id='word_1_463' title='bbox 1259 2458 1405 2492; x_wconf 80' lang='lat' dir='ltr'>fibliche</span> <span class='ocrx_word' id='word_1_464' title='bbox 1433 2462 1482 2500; x_wconf 75' lang='lat' dir='ltr'>ec,</span> <span class='ocrx_word' id='word_1_465' title='bbox 1509 2461 1540 2492; x_wconf 79' lang='lat' dir='ltr'>et</span> <span class='ocrx_word' id='word_1_466' title='bbox 1566 2458 1672 2501; x_wconf 87' lang='lat' dir='ltr'>folgt.</span> 
     </span>
     <span class='ocr_line' id='line_1_76' title="bbox 935 2504 1672 2550; baseline -0.004 -9"><span class='ocrx_word' id='word_1_467' title='bbox 935 2526 977 2531; x_wconf 98' lang='lat'><strong>—</strong></span> <span class='ocrx_word' id='word_1_468' title='bbox 1017 2507 1158 2550; x_wconf 74' lang='lat' dir='ltr'>pondo,</span> <span class='ocrx_word' id='word_1_469' title='bbox 1203 2504 1464 2550; x_wconf 72' lang='lat' dir='ltr'>urspriinglich</span> <span class='ocrx_word' id='word_1_470' title='bbox 1510 2504 1672 2547; x_wconf 83' lang='lat' dir='ltr'>Ablativ,</span> 
     </span>
     <span class='ocr_line' id='line_1_77' title="bbox 934 2551 1672 2596; baseline -0.003 -9"><span class='ocrx_word' id='word_1_471' title='bbox 934 2553 1017 2587; x_wconf 88' lang='lat' dir='ltr'>dem</span> <span class='ocrx_word' id='word_1_472' title='bbox 1045 2552 1235 2588; x_wconf 83' lang='lat' dir='ltr'>Gewichte</span> <span class='ocrx_word' id='word_1_473' title='bbox 1275 2553 1386 2594; x_wconf 85' lang='lat' dir='ltr'>nach,</span> <span class='ocrx_word' id='word_1_474' title='bbox 1427 2552 1495 2586; x_wconf 83' lang='lat' dir='ltr'>mit</span> <span class='ocrx_word' id='word_1_475' title='bbox 1532 2551 1672 2596; x_wconf 88' lang='lat' dir='ltr'>Ellipse</span> 
     </span>
     <span class='ocr_line' id='line_1_78' title="bbox 933 2600 1672 2642; baseline -0.001 -7"><span class='ocrx_word' id='word_1_476' title='bbox 933 2611 1005 2635; x_wconf 93' lang='lat' dir='ltr'>von</span> <span class='ocrx_word' id='word_1_477' title='bbox 1034 2600 1184 2634; x_wconf 85' lang='lat' dir='ltr'>‘Pfund&#39;</span> <span class='ocrx_word' id='word_1_478' title='bbox 1215 2600 1432 2642; x_wconf 79' lang='lat' dir='ltr'>(librarum).</span> <span class='ocrx_word' id='word_1_479' title='bbox 1455 2619 1497 2623; x_wconf 93' lang='lat'>-—</span> <span class='ocrx_word' id='word_1_480' title='bbox 1526 2609 1672 2634; x_wconf 84' lang='lat' dir='ltr'>eommo-</span> 
     </span>
     <span class='ocr_line' id='line_1_79' title="bbox 932 2646 1674 2690; baseline -0.001 -9"><span class='ocrx_word' id='word_1_481' title='bbox 932 2648 1034 2689; x_wconf 76' lang='lat' dir='ltr'>dum,</span> <span class='ocrx_word' id='word_1_482' title='bbox 1073 2647 1252 2690; x_wconf 72' lang='lat' dir='ltr'>beliebig,</span> <span class='ocrx_word' id='word_1_483' title='bbox 1292 2646 1442 2680; x_wconf 77' lang='lat' dir='ltr'>&#39;ahnlich</span> <span class='ocrx_word' id='word_1_484' title='bbox 1480 2657 1550 2680; x_wconf 84' lang='lat' dir='ltr'>von</span> <span class='ocrx_word' id='word_1_485' title='bbox 1590 2646 1674 2680; x_wconf 85' lang='lat' dir='ltr'>frei-</span> 
     </span>
     <span class='ocr_line' id='line_1_80' title="bbox 933 2694 1671 2738; baseline 0 -10"><span class='ocrx_word' id='word_1_486' title='bbox 933 2695 1097 2738; x_wconf 84' lang='lat' dir='ltr'>willigen</span> <span class='ocrx_word' id='word_1_487' title='bbox 1121 2694 1317 2737; x_wconf 68' lang='lat' dir='ltr'>Beitr&#39;agen</span> <span class='ocrx_word' id='word_1_488' title='bbox 1334 2694 1456 2738; x_wconf 78' lang='lat' dir='ltr'>(stips)</span> <span class='ocrx_word' id='word_1_489' title='bbox 1473 2697 1528 2735; x_wconf 88' lang='lat'>25,</span> <span class='ocrx_word' id='word_1_490' title='bbox 1547 2697 1600 2737; x_wconf 90' lang='lat'>12,</span> <span class='ocrx_word' id='word_1_491' title='bbox 1617 2697 1671 2728; x_wconf 84' lang='lat'>14.</span> 
     </span>
     <span class='ocr_line' id='line_1_81' title="bbox 934 2740 1673 2785; baseline -0.001 -10"><span class='ocrx_word' id='word_1_492' title='bbox 934 2762 974 2765; x_wconf 89' lang='lat'><strong>—</strong></span> <span class='ocrx_word' id='word_1_493' title='bbox 1001 2746 1037 2775; x_wconf 71' lang='lat' dir='ltr'>ut</span> <span class='ocrx_word' id='word_1_494' title='bbox 1065 2742 1178 2775; x_wconf 73' lang='lat' dir='ltr'>libert.</span> <span class='ocrx_word' id='word_1_495' title='bbox 1225 2740 1292 2775; x_wconf 87' lang='lat' dir='ltr'>Die</span> <span class='ocrx_word' id='word_1_496' title='bbox 1320 2740 1583 2785; x_wconf 84' lang='lat' dir='ltr'>Konjunktion,</span> <span class='ocrx_word' id='word_1_497' title='bbox 1610 2753 1673 2775; x_wconf 90' lang='lat' dir='ltr'>um</span> 
     </span>
     <span class='ocr_line' id='line_1_82' title="bbox 937 2787 1671 2832; baseline 0 -10"><span class='ocrx_word' id='word_1_498' title='bbox 937 2789 994 2822; x_wconf 85' lang='lat' dir='ltr'>die</span> <span class='ocrx_word' id='word_1_499' title='bbox 1023 2788 1242 2832; x_wconf 82' lang='lat' dir='ltr'>Bedeutung</span> <span class='ocrx_word' id='word_1_500' title='bbox 1269 2787 1333 2822; x_wconf 85' lang='lat' dir='ltr'>der</span> <span class='ocrx_word' id='word_1_501' title='bbox 1361 2798 1430 2822; x_wconf 92' lang='lat' dir='ltr'>von</span> <span class='ocrx_word' id='word_1_502' title='bbox 1458 2788 1540 2823; x_wconf 89' lang='lat' dir='ltr'>dem</span> <span class='ocrx_word' id='word_1_503' title='bbox 1568 2788 1671 2822; x_wconf 83' lang='lat' dir='ltr'>weit-</span> 
     </span>
     <span class='ocr_line' id='line_1_83' title="bbox 933 2835 1671 2880; baseline -0.001 -11"><span class='ocrx_word' id='word_1_504' title='bbox 933 2836 1139 2869; x_wconf 84' lang='lat' dir='ltr'>entfernten</span> <span class='ocrx_word' id='word_1_505' title='bbox 1157 2835 1344 2870; x_wconf 86' lang='lat' dir='ltr'>decretum</span> <span class='ocrx_word' id='word_1_506' title='bbox 1360 2837 1416 2869; x_wconf 83' lang='lat' dir='ltr'>est</span> <span class='ocrx_word' id='word_1_507' title='bbox 1434 2835 1671 2880; x_wconf 66' lang='lat' dir='ltr'>abhangigen</span> 
     </span>
     <span class='ocr_line' id='line_1_84' title="bbox 933 2882 1673 2927; baseline -0.001 -10"><span class='ocrx_word' id='word_1_508' title='bbox 933 2882 1185 2927; x_wconf 87' lang='lat' dir='ltr'>Konjunktive</span> <span class='ocrx_word' id='word_1_509' title='bbox 1231 2882 1510 2918; x_wconf 81' lang='lat' dir='ltr'>aufzufrischen.</span> <span class='ocrx_word' id='word_1_510' title='bbox 1559 2903 1600 2907; x_wconf 97' lang='lat'><strong>—</strong></span> <span class='ocrx_word' id='word_1_511' title='bbox 1640 2886 1673 2917; x_wconf 75' lang='lat' dir='ltr'>et</span> 
     </span>
    </p>
   </div>
   <div class='ocr_carea' id='block_1_5' title="bbox 1342 2943 1387 2975">
    <p class='ocr_par' dir='ltr' id='par_1_7' title="bbox 1342 2943 1387 2975">
     <span class='ocr_line' id='line_1_85' title="bbox 1342 2943 1387 2975; baseline 0 -12"><span class='ocrx_word' id='word_1_512' title='bbox 1342 2943 1387 2975; x_wconf 76' lang='lat'>1*</span> 
     </span>
    </p>
   </div>
   <div class='ocr_carea' id='block_1_6' title="bbox 1705 278 1747 309">
    <p class='ocr_par' dir='ltr' id='par_1_8' title="bbox 1705 278 1747 309">
     <span class='ocr_line' id='line_1_86' title="bbox 1705 278 1747 309; baseline 0.024 -1"><span class='ocrx_word' id='word_1_513' title='bbox 1705 278 1747 309; x_wconf 86' lang='grc'>12</span> 
     </span>
    </p>
   </div>
   <div class='ocr_carea' id='block_1_7' title="bbox 1705 457 1746 488">
    <p class='ocr_par' dir='ltr' id='par_1_9' title="bbox 1705 457 1746 488">
     <span class='ocr_line' id='line_1_87' title="bbox 1705 457 1746 488; baseline 0.024 -1"><span class='ocrx_word' id='word_1_514' title='bbox 1705 457 1746 488; x_wconf 89' lang='grc'>13</span> 
     </span>
    </p>
   </div>
   <div class='ocr_carea' id='block_1_8' title="bbox 1704 576 1746 606">
    <p class='ocr_par' dir='ltr' id='par_1_10' title="bbox 1704 576 1746 606">
     <span class='ocr_line' id='line_1_88' title="bbox 1704 576 1746 606; baseline 0 0"><span class='ocrx_word' id='word_1_515' title='bbox 1704 576 1746 606; x_wconf 82' lang='grc'>14</span> 
     </span>
    </p>
   </div>
   <div class='ocr_carea' id='block_1_9' title="bbox 1705 694 1747 725">
    <p class='ocr_par' dir='ltr' id='par_1_11' title="bbox 1705 694 1747 725">
     <span class='ocr_line' id='line_1_89' title="bbox 1705 694 1747 725; baseline 0.024 -1"><span class='ocrx_word' id='word_1_516' title='bbox 1705 694 1747 725; x_wconf 82' lang='lat'>15</span> 
     </span>
    </p>
   </div>
   <div class='ocr_carea' id='block_1_10' title="bbox 1706 814 1746 844">
    <p class='ocr_par' dir='ltr' id='par_1_12' title="bbox 1706 814 1746 844">
     <span class='ocr_line' id='line_1_90' title="bbox 1706 814 1746 844; baseline 0.025 -1"><span class='ocrx_word' id='word_1_517' title='bbox 1706 814 1746 844; x_wconf 89' lang='grc'>16</span> 
     </span>
    </p>
   </div>
   <div class='ocr_carea' id='block_1_11' title="bbox 1705 1168 1747 1199">
    <p class='ocr_par' dir='ltr' id='par_1_13' title="bbox 1705 1168 1747 1199">
     <span class='ocr_line' id='line_1_91' title="bbox 1705 1168 1747 1199; baseline 0.024 -1"><span class='ocrx_word' id='word_1_518' title='bbox 1705 1168 1747 1199; x_wconf 89' lang='grc'>18</span> 
     </span>
    </p>
   </div>
  </div>
 </body>
</html>
