1882 3163
140 674 197 716 48

210 89 266 131 92
687 92 833 127 LIBER
857 92 987 128 XXIII,
1026 92 1126 129 CAP.
1153 97 1208 129 47.
1236 97 1292 129 48.

1610 110 1635 129 a.
1654 111 1683 129 u.
1703 104 1765 130 539.

170 213 189 244 7
212 213 320 253 quae
351 214 433 240 vox
464 199 509 240 in
540 199 747 242 rusticum
779 200 877 241 inde
908 202 1183 255 proverbium
1215 202 1386 256 prodita
1418 205 1494 244 est.
1545 200 1762 257 Claudius,

212 272 307 299 eum
340 272 390 299 ea
420 259 490 299 via
521 259 648 313 longe
680 260 1005 314 perequitasset,
1036 261 1155 302 nullo
1189 261 1315 302 obvio
1345 262 1468 303 hoste
1495 261 1540 302 in
1565 276 1764 317 campum

210 332 355 358 rursus
395 319 564 359 evectus
602 318 826 372 increpans
864 318 1083 374 ignaviam
1117 320 1256 362 hostis
1290 335 1385 361 cum
1415 334 1573 375 magno
1606 321 1763 376 gaudio

170 389 190 421 8
212 378 254 417 et
292 377 578 431 gratulatione
616 377 752 419 victor
788 379 834 419 in
874 381 1015 420 castra
1051 379 1172 421 redit.
1234 379 1332 421 huic
1369 393 1538 434 pugnae
1576 379 1761 435 equestri

211 449 314 489 rem,
340 450 467 490 quam
492 451 595 477 vera
623 436 692 490 sit,
723 439 960 479 communis
987 438 1248 480 existimatio
1275 441 1352 489 est,
1384 439 1626 480 mirabilem
1652 440 1765 480 certe

213 494 403 536 adiciunt
434 494 605 549 quidam
639 496 833 538 annales:
866 510 961 538 cum
991 497 1274 553 refugientem
1302 497 1355 539 ad
1380 498 1527 539 urbem
1553 497 1765 539 Tauream

214 551 416 595 Claudius
448 558 706 608 sequeretur,
737 556 904 610 patenti
931 556 1121 598 hostium
1147 560 1297 612 portae
1323 558 1536 599 invectum
1562 571 1638 612 per
1663 557 1766 598 alte-

211 626 304 653 ram
338 614 609 667 stupentibus
642 615 848 656 miraculo
881 614 1077 657 hostibus
1109 616 1317 658 intactum
1349 616 1546 658 evasisse.

333 671 487 721 Quieta
523 672 622 714 inde
662 674 820 716 stativa
860 675 993 728 fuere,
1038 689 1086 717 ac
1122 679 1237 717 retro
1277 675 1407 716 etiam
1445 675 1593 717 consul
1630 675 1767 717 movit

213 733 364 785 castra,
391 734 439 772 ut
465 735 697 774 sementem
721 732 930 787 Campani
956 735 1158 787 facerent,
1184 750 1260 776 nec
1287 737 1384 776 ante
1410 734 1590 776 violavit
1614 747 1766 789 agrum

213 787 493 844 Campanum,
520 806 648 845 quam
674 792 759 833 iam
788 794 899 834 altae
924 793 966 835 in
997 795 1214 848 segetibus
1240 794 1397 835 herbae
1422 793 1628 848 pabulum
1647 807 1766 847 prae-

173 863 192 894 2
212 849 312 890 bere
333 852 543 903 poterant.
585 850 627 891 id
649 853 847 893 convexit
867 852 911 893 in
934 851 1169 894 Claudiana
1196 856 1335 894 eastra
1362 867 1488 908 super
1509 851 1767 904 Suessulam,

213 908 359 962 ibique
384 909 564 950 hiberna
591 910 853 965 aedificavit3
885 910 941 953 M.
971 908 1148 953 Claudio
1174 912 1421 966 proconsuli
1447 911 1688 966 imperavit,
1719 914 1768 952 ut

212 969 380 1009 retento
410 966 548 1009 Nolae
579 970 821 1012 necessario
856 970 908 1011 acl
941 971 1144 1012 tuendam
1176 971 1327 1012 urbem
1358 971 1571 1025 praesidio
1604 972 1767 1011 ceteros

212 1026 371 1067 milites
404 1027 638 1069 dimitteret
669 1027 871 1081 Romam,
907 1044 960 1070 ne
994 1030 1112 1072 oneri
1147 1030 1272 1072 sociis
1305 1032 1347 1071 et
1379 1030 1567 1084 sumptui
1597 1029 1660 1070 rei
1691 1044 1767 1083 pu-

171 1100 191 1131 3
212 1085 350 1127 blicae
383 1089 537 1128 essent.
583 1090 625 1128 et
657 1087 718 1128 Ti.
746 1087 963 1131 Gracchus
998 1103 1022 1130 a
1055 1087 1201 1131 Cumis
1233 1088 1456 1130 Luceriam
1487 1088 1533 1129 in
1564 1088 1768 1143 Apuliam

212 1144 403 1199 legiones
431 1159 526 1186 cum
554 1145 754 1199 duxisset,
782 1147 837 1189 M.
859 1146 1081 1190 Valerium
1106 1148 1205 1190 inde
1228 1151 1469 1202 praetorem
1488 1146 1768 1188 Brundisium

213 1217 309 1245 cum
335 1218 397 1257 eo,
423 1219 549 1258 quem
570 1205 772 1247 Luceriae
799 1206 1021 1261 habuerat,
1053 1208 1239 1249 exercitu
1266 1207 1394 1261 misit,
1425 1206 1621 1261 tuerique
1648 1220 1768 1248 oram

214 1262 306 1317 agri
350 1261 578 1305 Sallentini
623 1267 666 1306 et
708 1266 929 1320 providere
975 1267 1087 1321 quod
1132 1267 1186 1308 ad
1228 1266 1479 1321 Philippum
1522 1265 1768 1320 bellumque

212 1320 538 1364 Macedonicum
571 1324 772 1365 attineret
803 1326 942 1367 iussit.

329 1381 462 1423 Exitu
494 1383 671 1424 aestatis
702 1384 803 1438 eius,
836 1400 919 1439 qua
945 1385 1051 1427 haec
1079 1388 1202 1440 gesta
1226 1384 1568 1439 perscripsimus,
1599 1383 1770 1424 litterae

213 1454 237 1480 a
269 1439 314 1481 P.
342 1444 384 1482 et
417 1440 490 1482 Cn.
520 1440 791 1496 Scipionibus
825 1447 1044 1495 venerunt,
1078 1447 1263 1499 quantas
1298 1457 1509 1498 quamque
1540 1456 1769 1497 prosperas

214 1566 459 1612 (κανθήλιος)
513 1569 711 1615 Lastgaul,
771 1571 956 1607 Saumtier

214 1615 307 1660 (hier
327 1616 426 1651 viell.
447 1616 678 1662 Anspielung
703 1617 770 1652 auf
790 1619 860 1653 den
882 1619 955 1654 Na-

212 1674 298 1698 men
318 1664 490 1707 Asellus).
524 1665 625 1698 Dazu
649 1665 699 1699 ist
718 1665 777 1699 ein
793 1666 956 1701 Verbum

213 1722 257 1745 zu
283 1711 444 1754 denken,
479 1712 576 1746 etwa
601 1712 802 1747 demiseris:
829 1715 953 1758 (setze)

213 1757 320 1793 nicht
345 1757 414 1792 mit
440 1759 524 1793 dem
546 1759 641 1793 Gaul
666 1759 703 1793 in
730 1759 811 1795 eine
832 1760 954 1795 Grube

215 1807 284 1848 (wo
317 1804 485 1840 derselbe
516 1805 766 1841 unbehilflich
792 1820 826 1843 u.
853 1810 954 1842 nutz-

213 1852 269 1887 los
295 1852 368 1887 ist.

261 1854 454 1946 rusticum]
480 1900 565 1935 weil
591 1900 655 1936 das
682 1901 789 1936 Wort
814 1903 956 1938 eanthe-

214 1948 294 1982 rius
323 1947 362 1982 in
394 1947 459 1982 der
491 1946 654 1983 feineren
682 1948 845 1993 Sprache
876 1961 956 1985 ver—

214 1994 362 2029 mieden
387 1994 523 2030 wurde.

256 2042 409 2086 prodita
429 2041 495 2087 est]
519 2041 557 2076 in
579 2042 639 2077 ein
661 2043 739 2087 Spr.
761 2043 955 2089 fiberging,

216 2100 259 2122 zu
298 2089 419 2123 einem
458 2088 535 2133 Spr.
574 2090 717 2131 wurde3
763 2090 828 2125 der
867 2091 957 2126 Sinn

217 2135 410 2170 desselben
450 2146 544 2178 war,
591 2147 675 2171 man
720 2136 810 2172 solle
853 2138 958 2173 nicht

218 2183 331 2217 etwas
358 2182 583 2217 Verkehrtes
609 2183 713 2218 thun.

265 2232 296 2264 8.
317 2230 513 2265 eommunis
530 2241 582 2265 εκ.
598 2230 664 2276 est]
686 2231 844 2265 darfiber
859 2232 958 2266 steht

213 2276 338 2322 jedem
365 2277 429 2311 das
455 2276 574 2311 Urteil
599 2277 684 2311 frei:
711 2282 744 2319 4,
771 2282 826 2320 20,
853 2281 884 2312 8.

217 2323 957 2415 mittite}sffssssttffgisst‘iteesssstsstnffi

216 2417 446 2463 Bewegung,
492 2418 618 2463 haufig
660 2419 721 2453 bei
761 2417 956 2454 Dichtern:

219 2469 275 2509 22,
296 2470 328 2509 5,
349 2470 382 2509 8,
408 2466 551 2510 Βτΐιὲθτ
573 2465 617 2500 Η.
640 2465 674 2502 S.
694 2465 744 2509 1²,
764 2470 844 2500 417.

264 2535 328 2571 48.
370 2541 398 2570 1.
431 2536 541 2582 retro]
578 2536 616 2570 in
649 2536 714 2570 das
747 2535 866 2580 Lagei·
895 2536 957 2577 bei

220 2582 410 2624 Suessula3
443 2583 533 2628 Kap.
554 2587 611 2627 46,
639 2587 670 2618 9.
698 2603 741 2608 —
768 2583 954 2629 poterant]

218 2629 301 2675 Vgl.
328 2642 370 2664 zu
395 2630 489 2675 Kap.
511 2635 567 2674 30,
587 2635 619 2666 4.

266 2681 297 2712 2.
334 2678 500 2723 hiberna]
536 2695 578 2706 =
605 2678 856 2720 hibernacula,
895 2677 956 2712 die

218 2723 277 2757 fiir
319 2724 377 2759 die
421 2725 755 2768 Winterquartiere
803 2724 956 2769 notigen

218 2769 420 2807 Baracken.
466 2772 537 2806 Der
562 2772 702 2806 Konsul
733 2771 856 2806 ffihrte
881 2783 957 2806 nun

220 2817 297 2851 sein
335 2829 468 2862 ganzes
500 2819 597 2853 Heer
635 2819 672 2853 in
705 2819 763 2853 die
796 2818 956 2853 Winter-

220 2864 414 2910 quartiere,
441 2865 615 2900 wahrend
635 2866 762 2900 bisher
782 2877 850 2900 nur
875 2866 955 2900 eine

1030 1572 1239 1616 Besatzung
1265 1573 1373 1616 (Kap.
1394 1575 1451 1613 46,
1472 1571 1507 1615 9)
1535 1570 1619 1605 dort
1650 1580 1770 1615 gewe-

1030 1631 1095 1653 sen
1127 1631 1213 1654 war.
1254 1620 1368 1653 Dafiir
1394 1618 1485 1652 wird
1511 1618 1575 1651 das
1601 1617 1699 1652 Heer
1729 1617 1769 1651 in

1029 1666 1127 1701 Nola
1159 1666 1214 1701 bis
1253 1666 1319 1700 auf
1355 1665 1461 1700 einen
1498 1664 1648 1700 kleinen
1679 1663 1771 1699 Rest

1030 1714 1223 1748 entlassen.

1076 1761 1244 1807 Romam]
1284 1761 1317 1794 d.
1344 1760 1379 1794 h.
1418 1759 1515 1794 nach
1552 1758 1692 1801 Hause3
1732 1769 1771 1793 es

1028 1820 1105 1843 war
1117 1807 1355 1842 Mannschaft
1371 1818 1435 1841 aus
1450 1806 1522 1841 den
1537 1805 1768 1841 st'adtischen

1031 1855 1161 1890 Tribus
1189 1855 1293 1900 (Kap.
1316 1858 1371 1896 31,
1392 1855 1437 1898 5).

1077 1907 1109 1937 3.
1144 1915 1168 1938 a
1195 1902 1332 1948 Cumis]
1369 1901 1457 1936 Hier
1489 1900 1634 1935 scheint
1658 1900 1769 1936 Grae-

1030 1950 1120 1984 chus
1164 1950 1314 1995 langere
1355 1948 1435 1983 Zeit
1477 1947 1682 1993 gestanden
1725 1958 1770 1981 zu

1029 1997 1152 2032 haben
1182 1998 1271 2042 (vgl.
1297 1996 1388 2041 Kap.
1410 1999 1466 2038 37,
1489 1996 1542 2039 7);
1573 2006 1651 2029 nun
1681 1993 1771 2029 aber

1029 2044 1126 2089 folgt
1158 2055 1196 2078 er
1221 2045 1304 2079 dem
1330 2042 1520 2078 Hannibal
1550 2041 1646 2076 nach
1670 2042 1769 2086 Apu-

1030 2091 1105 2125 lien
1130 2091 1235 2136 <Kap.
1258 2095 1313 2133 46,
1335 2092 1380 2135 8).

1076 2137 1338 2183 Brundisium]
1367 2136 1433 2171 Die
1457 2136 1550 2180 Kap.
1572 2139 1627 2178 38,
1649 2138 1691 2169 11
1713 2145 1769 2169 er-

1029 2185 1178 2219 wahnte
1204 2183 1402 2228 Mafsregei
1427 2183 1552 2216 wurde
1577 2182 1682 2216 nicht
1706 2192 1768 2226 ge-

1029 2243 1102 2266 nau
1133 2231 1369 2275 ausgefsihrt;
1405 2229 1566 2264 Lavinus
1598 2227 1683 2263 liess
1708 2229 1768 2263 die

1028 2278 1152 2313 Flotte
1189 2279 1285 2313 nach
1322 2277 1556 2312 Brundisium
1593 2276 1769 2311 kommen

1029 2325 1116 2370 (vgl.
1144 2326 1236 2370 Kap.
1263 2329 1325 2367 32,
1355 2326 1410 2369 17)
1444 2323 1518 2358 und
1556 2322 1665 2358 stand
1699 2321 1770 2356 mit

1032 2372 1159 2407 seinen
1190 2372 1455 2417 Landtruppen
1491 2371 1529 2406 in
1566 2370 1632 2405 der
1661 2369 1767 2404 Nahe

1030 2420 1224 2454 derselben
1251 2423 1321 2463 (24,
1344 2423 1398 2462 11,
1419 2420 1465 2463 4).

1071 2467 1279 2513 providere]
1311 2467 1425 2502 absol.
1455 2464 1662 2509 „Vorsorge
1695 2465 1768 2498 tra-

1030 2525 1113 2558 gen,
1125 2513 1421 2559 Vorkehrungen
1433 2512 1586 2548 treffen“
1599 2511 1637 2545 in
1651 2510 1769 2555 bezug

1030 2561 1096 2595 auf
1118 2563 1231 2596 etwas
1257 2562 1317 2605 (=
1342 2561 1438 2606 quod
1464 2588 1471 2595 .
1489 2586 1495 2593 .
1511 2587 1518 2594 .
1545 2558 1737 2601 attineret).

1075 2630 1180 2676 Kap.
1207 2635 1400 2675 48,4-—49.
1442 2630 1527 2664 Das
1552 2628 1665 2663 Heer
1691 2627 1769 2661 der

1031 2678 1275 2723 Scipionen
1306 2678 1350 2713 in
1377 2676 1583 2722 Spanien.

1075 2729 1107 2760 4.
1133 2726 1247 2771 qesta]
1276 2725 1353 2760 scil.
1378 2735 1460 2767 esse,
1485 2723 1536 2757 im
1556 2721 1768 2756 Deutschen

1029 2772 1111 2807 dem
1147 2772 1311 2807 Verbum
1344 2770 1622 2816 perscripsimus
1659 2768 1767 2803 fiber-

1029 2820 1219 2863 geordnet.
1247 2840 1290 2844 —
1318 2817 1472 2863 litterae]
1509 2816 1641 2851 bereits
1672 2814 1766 2859 Kap.

1028 2870 1084 2910 29,
1108 2871 1149 2902 17
1176 2866 1351 2901 erw'ahnt.
