1882 3163
187 80 240 121 10
718 79 861 115 LIBER
885 80 998 115 XXII.
1044 81 1143 117 CAP.
1171 85 1202 116 5.

1585 100 1610 117 a.
1630 100 1658 118 u.
1677 93 1738 119 537.

182 191 373 231 vertente
404 203 449 231 se
481 203 649 243 quoque
682 189 735 230 ad
767 189 964 231 dissonos
996 190 1223 244 clamores,
1261 190 1453 244 instruit,
1490 192 1538 231 ut
1567 192 1736 245 tempus

180 249 383 304 locusque
408 248 591 303 patitur,
620 251 679 302 et,
712 263 975 304 quacumque
1001 249 1115 291 adire
1143 250 1364 304 audirique
1390 252 1551 304 potest,
1583 249 1735 292 adhor-

132 319 154 349 2
181 310 296 349 tatur
328 323 377 349 ac
410 310 522 349 stare
556 322 603 349 ac
635 321 828 363 pugnare
866 308 1000 350 iubet:
1039 323 1117 351 nec
1149 309 1260 350 enim
1294 309 1391 350 inde
1422 308 1535 350 votis
1569 311 1643 350 aut
1672 310 1736 350 in-

180 367 420 420 ploratione
453 367 578 408 deum
610 366 683 408 sed
709 368 751 408 vi
777 381 825 408 ac
851 368 1008 409 virtute
1035 368 1297 409 evadendum
1323 382 1427 409 esse.
1476 382 1551 422 per
1575 368 1734 410 medias

181 426 292 468 acies
318 425 432 468 ferro
460 426 573 467 viam
599 426 708 480 fieri,
735 430 777 467 et
803 440 885 481 quo
906 427 1073 469 timoris
1094 428 1234 469 minus
1262 427 1336 481 sit,
1362 441 1410 468 eo
1438 427 1578 468 minus
1604 427 1736 468 ferme

129 497 152 526 3
181 485 359 539 periculi
391 500 494 527 esse.
545 488 733 527 ceterum
764 500 865 540 prae
897 486 1078 540 strepitu
1111 501 1160 528 ac
1189 486 1379 528 tumultu
1404 501 1483 527 nec
1509 486 1736 528 consilium

179 558 256 586 nec
288 545 517 598 imperium
549 545 683 598 accipi
714 547 901 599 poterat,
933 548 1184 600 tantumque
1217 546 1384 599 aberat,
1423 548 1470 586 ut
1502 560 1578 586 sua
1610 546 1735 600 signa

179 606 306 658 atque
347 604 516 646 ordines
557 607 599 645 et
636 605 777 646 locum
808 608 1050 657 noscerent,
1086 608 1134 646 ut
1170 604 1242 646 vix
1281 605 1333 646 ad
1372 619 1491 646 arma
1528 605 1735 659 capienda

179 663 453 718 aptandaque
484 677 653 718 pugnae
685 666 930 718 conpeteret
962 664 1147 717 animus,
1186 665 1613 718 opprimerenturque
1646 665 1736 718 qui-

179 723 274 763 dam
308 722 471 764 onerati
503 723 640 777 magis
672 723 739 764 his
773 737 901 777 quam
933 723 1047 765 tecti.

1110 725 1153 763 et
1184 724 1276 764 erat
1313 724 1357 763 in
1388 725 1512 764 tanta
1550 723 1733 778 caligine

131 792 153 822 4
180 782 317 823 maior
347 797 449 823 usus
483 782 647 823 aurium
682 796 810 836 quam
837 782 1067 824 oculorum.
1119 782 1171 823 ad
1203 782 1386 836 gemitus
1413 783 1734 823 vulneratorum

178 840 370 896 ictusque
404 855 629 895 corporum
669 843 743 882 aut
783 855 998 882 armorum
1030 843 1073 882 et
1103 841 1260 882 mixtos
1292 842 1544 882 terrentium
1577 855 1732 895 paven-

130 911 149 942 5
177 899 370 955 tiumque
403 901 612 942 clamores
646 900 1001 941 circumferebant
1027 914 1102 940 ora
1127 900 1368 954 oculosque.
1419 900 1491 941 alii
1516 900 1732 954 fugientes

174 959 461 1013 pugnantium
493 959 621 1014 globo
654 959 779 1000 inlati
810 958 1056 1012 haerebant,
1088 960 1193 1000 alios
1220 959 1443 1000 redeuntes
1469 959 1515 1000 in
1542 972 1732 1013 pugnam

126 1030 147 1061 6
175 1019 396 1060 avertebat
415 1018 674 1072 fugientium
695 1032 863 1072 agmen.
914 1018 1081 1072 deinde,
1113 1018 1187 1059 ubi
1207 1019 1252 1059 in
1272 1019 1412 1058 omnis
1432 1018 1567 1071 partis
1586 1019 1731 1073 nequi-

173 1092 301 1130 quam
332 1078 517 1131 impetus
551 1077 682 1131 capti,
715 1081 757 1117 et
789 1077 842 1117 ab
872 1077 1077 1118 lateribus
1102 1081 1269 1118 montes
1297 1091 1345 1118 ac
1372 1077 1507 1131 lacus,
1540 1092 1564 1118 a
1589 1077 1731 1118 fronte

174 1139 216 1177 et
247 1137 300 1178 ab
332 1140 454 1191 tergo
487 1136 676 1177 hostium
708 1136 821 1178 acies
853 1135 1097 1190 claudebat,
1141 1137 1420 1191 apparuitque
1451 1136 1618 1177 nullam
1649 1136 1733 1177 nisi

126 1208 145 1239 7
173 1195 216 1236 in
249 1195 424 1236 dextera
463 1195 661 1249 ferroque
704 1195 856 1237 salutis
896 1209 1014 1249 spem
1053 1209 1163 1248 esse,
1203 1199 1294 1236 tum
1328 1195 1408 1236 sibi
1441 1195 1617 1249 quisque
1650 1195 1733 1236 dux

173 1254 506 1309 adhortatorque
544 1254 682 1296 factus
723 1254 775 1295 ad
812 1268 903 1295 rem
943 1255 1189 1309 gerendam,
1234 1257 1276 1295 et
1319 1269 1432 1295 nova
1470 1254 1520 1295 de
1564 1255 1730 1309 integro

173 1316 322 1355 exorta
353 1327 500 1369 pugna
532 1316 613 1367 est,
646 1328 733 1355 non
765 1313 839 1354 illa
873 1313 1070 1354 ordinata
1101 1329 1176 1368 per
1208 1314 1423 1368 principes
1450 1313 1731 1368 hastatosque

174 1387 222 1414 ac
253 1373 445 1427 triarios,
476 1387 552 1414 nec
578 1376 626 1414 ut
651 1387 729 1427 pro
763 1373 898 1428 signis
932 1373 1221 1427 antesignani,
1254 1375 1352 1426 post
1385 1372 1509 1427 signa
1541 1372 1624 1413 alia
1655 1387 1731 1426 pu-

174 1435 323 1486 gnaret
343 1433 473 1486 acies,
504 1446 582 1473 nec
603 1434 650 1473 ut
675 1432 720 1472 in
747 1446 824 1472 sua
849 1432 1017 1487 legione
1044 1433 1167 1473 miles
1194 1435 1268 1473 aut
1294 1431 1469 1473 cohorte
1498 1434 1571 1473 aut
1596 1431 1730 1473 mani-

172 1491 273 1545 pulo
307 1494 439 1544 esset,
476 1491 564 1532 fors
597 1491 886 1545 conglobabat
924 1495 966 1531 et
1007 1492 1175 1532 animus
1209 1505 1310 1532 suus
1343 1491 1492 1545 cuique
1526 1493 1624 1532 ante
1657 1493 1731 1532 aut

172 1552 271 1604 post
301 1549 522 1605 pugnandi
554 1550 745 1591 ordinem
777 1549 925 1605 dabat-3
957 1553 1188 1604 tantusque
1214 1550 1296 1591 fuit
1323 1550 1448 1591 ardor
1475 1550 1730 1603 animorum,

172 1609 276 1651 adeo
308 1611 498 1651 intentus
530 1623 700 1664 pugnae
728 1609 914 1663 animus,
946 1611 995 1650 ut
1020 1623 1116 1650 eum
1142 1612 1308 1650 motum
1333 1612 1490 1663 terrae,
1524 1609 1596 1663 qui
1621 1609 1729 1650 mul·

170 1772 231 1807 die
256 1772 574 1816 Furchtlosigkeit
604 1772 710 1807 nicht
742 1773 797 1807 als
830 1772 911 1807 eine

170 1820 356 1863 absolute,
409 1820 566 1854 sondern
615 1821 670 1855 als
720 1819 801 1855 eine
851 1821 911 1855 be-

171 1867 386 1911 schr'ankte,
419 1867 590 1911 relative,
627 1878 807 1912 wogegen
833 1867 911 1902 Pol.

173 1914 244 1950 den
259 1913 397 1949 Consul
413 1915 468 1949 als
484 1914 668 1949 durchaus
687 1915 913 1949 unbeholfen

170 1962 244 1996 und
269 1962 420 2006 kopflos
447 1961 634 2004 darstellt3
661 1962 734 2006 vgl.
757 1965 811 2005 26,
834 1966 866 2005 8,
880 1966 911 1996 2.

170 2029 215 2034 —
240 2010 352 2051 votis,
377 2008 479 2053 Virg.
506 2009 596 2044 Aen.
625 2014 656 2052 3,
683 2013 769 2051 260,
808 2010 846 2043 vi
871 2021 913 2044 ac

168 2057 251 2091 vim.
280 2060 418 2099 21,41,
452 2061 504 2091 17.
533 2060 671 2098 25,23,
702 2061 718 2090 1
746 2056 821 2090 und
848 2057 910 2091 oft

170 2123 213 2127 ——
240 2104 337 2145 ferro
362 2107 423 2138 etc.
450 2104 546 2137 nach
567 2103 667 2147 Virg
684 2105 772 2136 Aen.
795 2107 826 2144 2,
842 2106 912 2136 494

168 2149 210 2183 fit
235 2150 297 2184 via
321 2149 375 2192 vi,
402 2150 442 2183 L.
469 2154 501 2192 4,
529 2154 584 2192 38,
611 2154 633 2183 4
659 2150 695 2183 vi
728 2130 827 2183 viani
859 2149 911 2183 fa-

170 2198 282 2231 ciunt.
298 2198 529 2240 *peticulv
549 2197 718 2231 derselbe
733 2196 911 2230 Gedanke

169 2244 230 2278 bei
251 2243 339 2278 Sall.
359 2243 441 2288 Jug.
458 2248 500 2278 87
522 2243 765 2278 fortissimum
786 2254 909 2286 quem-

169 2302 240 2335 que
265 2290 503 2325 tutissimum.
532 2311 574 2316 —-
602 2291 807 2332 consilium,
842 2290 909 2324 im-

162 2339 326 2383 perium,
363 2338 432 2372 wie
468 2342 485 2379 5
523 2343 538 2372 1
579 2338 798 2372 adhortatur
834 2336 910 2371 und

169 2385 291 2428 iubet,
319 2385 438 2429 accipi
463 2385 713 2428 zeugmatisch
733 2396 805 2419 von
827 2384 910 2418 dem

168 2433 294 2467 Ho'ren
325 2433 392 2467 auf
423 2432 488 2467 das
524 2433 644 2466 Sehen
675 2431 909 2475 fibertiagen.

171 2501 213 2505 —
240 2482 399 2522 onerati,
435 2484 497 2522 21,
524 2484 587 2522 58,
614 2483 646 2513 8.
674 2499 717 2503 -
744 2479 909 2523 caliyine,

169 2538 255 2562 vom
281 2526 430 2561 dichten
458 2527 592 2570 Nebel,
619 2525 687 2560 wie
715 2538 744 2561 c.
771 2530 803 2569 6,
830 2529 861 2560 8.

217 2578 320 2610 4—6.
342 2575 436 2609 ictus
449 2602 456 2609 .
473 2601 480 2607 .
495 2585 688 2615 armorum,
709 2573 909 2618 crepitum:

170 2622 243 2666 vgl.
277 2621 372 2655 auch
405 2626 436 2664 5,
463 2625 519 2665 47,
546 2625 568 2655 4
602 2621 761 2655 umbone
793 2620 908 2655 ictum

170 2669 354 2703 deturbat.
394 2688 438 2693 —
476 2669 674 2713 fuyieutes,
711 2669 907 2710 redeuntes,

170 2716 234 2759 qui
246 2715 449 2759 fugiebant,
463 2715 636 2750 Conatus.
647 2716 783 2759 —imp
799 2715 907 2759 capti,

170 2762 238 2796 wie
266 2766 297 2805 2,
326 2766 381 2806 65,
409 2767 447 2804 53
474 2762 748 2806 gewohnlicher
773 2762 906 2802 facere,

169 2819 199 2843 c.
222 2813 253 2851 6,
274 2813 305 2843 4.
322 2814 355 2844 8.
383 2830 425 2834 -—
454 2811 497 2844 ab
526 2810 700 2844 lateribus
725 2813 796 2852 ete„
825 2809 908 2843 weil

169 2855 229 2890 die
248 2856 383 2890 Romer
402 2857 481 2891 ihre
503 2856 826 2901 Marschrichtung
847 2855 913 2890 auf

985 1772 1107 1807 Tuoro
1128 1771 1359 1817 ausgegeben
1382 1771 1503 1806 haben
1523 1771 1598 1805 und
1618 1772 1726 1815 langs

986 1820 1070 1854 dem
1115 1819 1183 1854 See
1236 1819 1274 1853 in
1319 1819 1384 1853 der
1427 1818 1615 1864 Richtung
1665 1818 1733 1853 auf

985 1865 1137 1902 Perusia
1162 1866 1277 1901 durch
1308 1866 1373 1900 das
1401 1866 1516 1900 Defile'
1542 1877 1614 1900 von
1639 1866 1727 1900 Pas-

986 1914 1141 1959 signano
1162 1926 1205 1948 zu
1225 1913 1464 1948 entkommen
1489 1914 1642 1956 suchen3
1668 1913 1730 1948 bei

985 1962 1115 2006 Polyb,
1142 1962 1206 1996 der
1230 1966 1263 2004 3,
1284 1964 1340 2003 83,
1364 1960 1427 1994 1ff.
1454 1961 1519 1995 das
1545 1961 1642 1995 Thal
1667 1960 1729 1995 bei

986 2009 1070 2044 dem
1085 2009 1245 2053 Einzuge
1260 2008 1466 2043 Hannibale
1486 2007 1524 2041 in
1545 2007 1728 2050 dasselbe‚

987 2056 1065 2090 also
1091 2056 1151 2090 bei
1167 2055 1296 2089 Anlass
1317 2056 1435 2089 seines
1454 2054 1643 2089 Mai-sches
1664 2055 1730 2088 auf

985 2102 1119 2145 Tuoro,
1133 2102 1356 2145 beschreibt,
1375 2101 1514 2135 bildete
1531 2102 1594 2135 der
1605 2101 1726 2144 Hfigel

985 2149 1048 2183 des
1081 2150 1293 2193 genannten
1319 2148 1448 2182 Dorfes
1486 2147 1544 2182 die
1570 2146 1727 2182 Vorder-

985 2196 1092 2238 seite,
1126 2196 1190 2229 der
1218 2195 1285 2229 See
1318 2194 1377 2229 die
1415 2194 1630 2237 Riickseite,
1666 2193 1725 2228 die

983 2243 1101 2286 Berge
1122 2253 1195 2277 von
1213 2241 1424 2276 Gualandro
1445 2241 1504 2274 die
1524 2240 1635 2284 linke,
1663 2241 1723 2276 (116

983 2301 1056 2324 von
1082 2289 1309 2333 Passignano
1337 2288 1394 2322 (116
1420 2286 1545 2322 rechte
1568 2287 1721 2323 Flanke.

984 2357 1027 2361 —-
1043 2348 1066 2371 α
1079 2337 1208 2379 fronte,
1226 2336 1285 2370 die
1300 2335 1471 2369 Baliaren
1485 2334 1561 2369 und
1574 2335 1722 2370 Leicht—

982 2384 1244 2425 bewaffneten3
1283 2384 1327 2417 ab
1363 2386 1476 2427 tev‘yo,
1510 2382 1569 2417 die
1594 2381 1722 2417 Reiter

983 2431 1057 2465 und
1084 2431 1143 2464 clie
1169 2429 1317 2465 Gallier.

1032 2482 1061 2513 7.
1085 2482 1115 2512 8.
1142 2489 1235 2512 nova
1256 2478 1297 2511 cle
1316 2478 1340 2510 i.
1361 2476 1528 2510 derselbe
1548 2475 1720 2511 Pleonas-

983 2537 1064 2559 mus
1090 2529 1145 2568 24,
1175 2529 1228 2567 16,
1256 2528 1287 2558 2.
1314 2528 1370 2566 30,
1391 2527 1446 2567 34,
1470 2527 1528 2566 12,
1557 2522 1721 2558 dreifach

984 2577 1039 2615 37,
1069 2576 1122 2614 19,
1147 2576 1167 2606 5
1193 2571 1437 2606 instauremus
1462 2581 1598 2604 novum
1624 2571 1668 2605 de
1695 2570 1718 2606 i.

981 2620 1131 2654 bellum.
1157 2640 1200 2643 —
1226 2629 1289 2653 ‘nec
1313 2622 1366 2660 ut,
1392 2620 1548 2661 erganze
1572 2628 1641 2652 nec
1664 2617 1719 2652 ita

980 2667 1163 2701 instructa
1194 2669 1246 2700 ut.
1280 2685 1322 2690 —
1359 2665 1470 2699 ardor
1501 2665 1718 2707 animorum,

982 2717 1014 2755 8,
1040 2718 1072 2757 6,
1101 2718 1118 2747 7
1151 2715 1297 2748 tantum
1330 2711 1471 2746 ardoris
1502 2711 1634 2745 animis
1667 2712 1718 2747 fe-

982 2761 1042 2803 cit,
1069 2765 1125 2803 44,
1152 2765 1208 2802 36,
1229 2764 1260 2794 3.
1287 2779 1333 2784 -
1358 2759 1513 2800 animus,
1539 2758 1598 2792 die
1624 2758 1718 2794 drei-

981 2808 1117 2852 malige
1149 2806 1439 2850 Wiederholung
1471 2805 1535 2840 des
1569 2806 1716 2840 Wortes

980 2854 1031 2888 ist
1045 2855 1148 2889 mehr
1161 2853 1372 2898 nachlassig
1387 2853 1440 2888 als
1454 2852 1718 2898 beabsichtigt.
