1882 3163
179 69 235 111 80
649 111 652 116 ¹
701 69 847 103 LIBER
871 68 983 103 XXII.
1030 68 1131 105 CAP.
1159 73 1214 104 53.
1585 85 1610 103 a.
1629 85 1659 104 u.
1678 79 1740 105 538.

179 178 410 219 admodum
453 177 743 219 adulescentem
790 180 828 218 et
869 178 926 218 ad
966 177 1045 232 Ap.
1091 177 1316 219 Claudium
1361 192 1527 218 summa
1569 177 1740 232 imperii

131 247 154 277 4
181 237 325 278 delata
346 241 421 278 est.
466 237 621 291 quibus
643 236 987 278 consultantibus
1014 237 1127 277 inter
1152 251 1312 291 paucos
1340 236 1390 277 de
1411 251 1578 277 summa
1595 251 1739 278 rerum

179 297 354 337 nuntiat
385 296 431 338 P.
461 295 617 336 Furius
649 294 816 347 Philus,
849 295 1085 336 consularis
1118 296 1199 336 viri
1224 295 1351 348 filius,
1377 295 1638 350 nequiquam
1664 310 1737 337 eos

134 366 153 396 5
181 355 392 409 perditam
432 369 550 409 spem
588 354 751 408 fovere,
792 354 1063 408 desparatam
1101 355 1479 408 conploratamque
1515 369 1607 396 rem
1645 369 1738 396 esse

180 414 416 467 publicam:
449 413 616 455 nobiles
644 413 818 454 iuvenes
846 413 1067 468 quosdam,
1094 428 1274 468 quorum
1300 413 1537 467 principem
1562 412 1608 454 L.
1636 412 1740 455 Cae-

184 472 330 514 cilium
355 472 597 526 Metellum,
629 487 746 513 mare
780 487 828 513 ac
860 487 990 513 naves
1023 475 1233 527 spectare,
1265 475 1313 512 ut
1338 472 1506 513 deserta
1531 472 1660 514 Italia
1687 472 1741 513 ad

134 543 154 574 6
180 545 331 586 regum
364 532 549 586 aliquem
574 531 878 586 transfugiant.
923 531 1035 586 quod
1068 531 1247 585 malum,
1278 534 1580 585 praeterquam
1607 533 1742 586 atrox,

181 605 309 644 super
339 593 406 632 tot
438 591 579 632 clades
614 591 743 631 etiam
775 604 952 644 novum,
990 605 1085 632 cum
1126 592 1300 644 stupore
1334 605 1382 631 ac
1414 590 1621 632 miraculo
1653 593 1742 632 tor-

179 649 303 703 pidos
336 650 573 703 defixisset,
606 650 678 704 qui
712 649 907 702 aderant,
940 652 984 690 et
1014 650 1240 691 consilium
1274 649 1567 691 advocandum
1599 649 1650 691 de
1690 663 1740 692 eo

179 711 419 761 censerent,
458 711 591 765 negat
623 708 793 750 consilii
824 723 914 749 rem
948 723 1040 750 esse
1067 707 1207 762 Scipio
1248 708 1433 762 iuvenis,
1469 708 1617 749 fatalis
1657 708 1742 749 dux

135 779 154 809 7
181 767 358 810 huiusce
391 768 510 822 belli,
544 767 783 809 audendum
814 770 942 822 atque
969 767 1183 822 agendum
1208 781 1295 809 non
1322 767 1654 809 consultandum
1681 768 1743 808 ait

180 826 225 867 in
265 830 387 869 tanto
428 829 541 868 malo
583 842 694 868 esse:
738 827 851 867 irent
884 841 1027 868 secum
1066 827 1278 880 extemplo
1322 826 1494 880 armati,
1539 826 1612 880 qui
1650 841 1742 867 rem

133 897 154 928 8
180 886 397 939 publicam
425 887 587 927 salvam
613 886 791 926 vellent:
823 886 942 926 nulla
967 886 1126 938 verius,
1156 899 1285 939 quam
1310 885 1385 926 ubi
1411 900 1461 926 ea
1487 885 1742 940 cogitentur,

132 956 152 986 9
179 944 370 986 hostium
398 949 539 986 castra
565 959 668 986 esse.
713 945 855 999 pergit
879 945 941 985 ire
969 944 1245 998 sequentibus
1271 945 1418 997 paucis
1439 945 1483 985 in
1502 943 1741 998 hospitium

179 1002 342 1045 Metelli
381 1007 439 1056 et,
488 1018 584 1044 cum
625 1003 855 1044 concilium
894 1003 954 1043 ibi
998 1003 1216 1055 iuvenum,
1261 1003 1312 1043 de
1357 1003 1511 1057 quibus
1551 1004 1742 1044 adlatum

111 1074 155 1104 10
182 1065 289 1116 erat,
321 1063 572 1116 invenisset,
606 1063 755 1103 stricto
788 1076 915 1115 super
947 1061 1089 1115 capita
1122 1062 1458 1102 consultantium
1491 1062 1635 1116 gladio
1669 1077 1743 1115 „ex

184 1122 268 1161 mei
300 1122 434 1162 animi
466 1121 705 1162 sententia“
737 1121 880 1175 inquit
910 1123 984 1174 „ut
1016 1134 1094 1175 ego
1128 1134 1217 1160 rem
1243 1120 1462 1174 publicam
1489 1121 1640 1174 populi
1659 1120 1743 1162 Ro-

182 1181 300 1221 mani
335 1195 425 1221 non
470 1180 684 1232 deseram,
727 1194 864 1234 neque
904 1179 1036 1220 alium
1082 1179 1218 1220 civem
1258 1179 1504 1220 Romanum
1550 1180 1742 1221 deserere

111 1250 151 1280 11
180 1240 338 1293 patiar,
377 1240 413 1280 si
447 1239 585 1280 sciens
616 1239 742 1293 fallo,
788 1242 881 1279 tum
921 1254 1007 1292 me,
1052 1238 1247 1291 Iuppiter
1285 1238 1475 1292 optimus
1518 1239 1744 1292 maximus,

111 1309 153 1339 12
181 1298 355 1339 domum
387 1298 595 1339 familiam
624 1313 798 1353 remque
831 1313 970 1339 meam
1004 1297 1191 1351 pessimo
1224 1297 1309 1338 leto
1344 1297 1527 1338 adficiat.
1558 1297 1604 1338 in
1637 1297 1743 1339 haec

181 1426 350 1461 erwahnt
380 1427 539 1460 werden.
575 1447 616 1451 —
655 1427 924 1469 adulescentem,

180 1474 276 1508 auch
309 1473 370 1508 bei
401 1473 685 1508 Pseudofrontin
718 1477 756 1517 4,
791 1478 828 1517 7,
862 1477 924 1508 39:

179 1521 219 1555 P.
248 1519 370 1565 Scipio
403 1521 620 1555 adulescens
651 1521 852 1555 admodum
888 1519 926 1554 in

182 1578 224 1602 eo
250 1568 348 1612 ipso,
382 1568 421 1601 in
453 1579 525 1612 quo
556 1568 650 1602 talia
686 1568 927 1612 agitabantur

182 1617 290 1649 coetu
316 1615 575 1659 pronuntiavit
595 1618 664 1649 ete.
706 1614 828 1658 Scipio
849 1626 926 1649 war

181 1663 324 1696 damals
355 1666 395 1696 19
422 1662 533 1696 Jahre
560 1662 629 1705 alt,
657 1674 700 1695 zu
727 1665 784 1705 21,
804 1664 860 1705 46,
893 1666 923 1696 7.

180 1708 247 1743 Bei
291 1709 439 1753 Appian
483 1709 600 1742 Hann.
640 1713 684 1743 26
729 1709 926 1753 fiber-giebt

180 1756 298 1790 Varro
325 1758 401 1790 erst
426 1756 520 1789 nach
555 1756 733 1800 erfolgter
758 1755 925 1790 Konzen-

181 1803 321 1837 tration
349 1804 413 1837 der
441 1802 677 1837 Streitkrafte
703 1814 770 1837 vor
807 1804 927 1837 seiner

181 1852 337 1885 Abreise
363 1851 458 1884 nach
484 1850 577 1884 Rom
605 1851 669 1884 das
692 1850 926 1884 Kommando

181 1898 265 1932 dem
299 1897 354 1932 Sc.
383 1894 583 1941 ἐπιστήσας
621 1898 695 1931 τῶν
727 1894 926 1942 χιλιάρχων

180 1941 264 1979 τινὰ
293 1946 498 1978 Σκιπίωνα.
528 1965 572 1969 -
604 1955 743 1979 samma
775 1945 861 1989 imp.
888 1944 927 1978 in

181 1992 266 2026 dem
305 1991 432 2033 Sinne,
472 1991 553 2025 dass
592 1992 651 2026 die
689 1992 841 2035 beiden,
880 1991 928 2025 da

180 2039 298 2073 Varro
324 2039 420 2072 noch
446 2039 550 2072 nicht
574 2039 613 2072 in
640 2039 841 2073 Canusium
867 2039 926 2080 ist,

182 2088 226 2125 (0.
244 2089 299 2127 54,
317 2087 349 2129 1)
368 2086 426 2119 die
440 2085 602 2120 Consuln
618 2088 783 2120 ersetzen
797 2086 926 2119 sollen.

229 2136 332 2167 4—6.
360 2133 492 2174 fovere,
520 2133 586 2166 das
612 2131 696 2166 Bild
724 2143 807 2166 vom
836 2132 926 2166 Pfle-

183 2189 254 2223 gen
287 2180 351 2212 des
383 2178 558 2212 Kranken
592 2190 830 2223 genommen,
869 2180 926 2212 de-

182 2230 363 2269 speratam
382 2236 469 2259 vom
490 2226 683 2269 Aufgeben
703 2226 767 2259 des
785 2227 925 2267 Arztes,

183 2273 432 2316 conploratam
480 2283 566 2306 vom
616 2271 813 2306 Beweinen
863 2273 927 2306 der

185 2320 315 2363 Toten‚
343 2330 371 2354 c.
402 2323 457 2358 55.
485 2323 517 2353 3.
546 2323 575 2352 7.
611 2323 643 2361 5,
671 2323 725 2362 39,
752 2323 784 2353 4.
814 2340 856 2343 ——-
882 2319 925 2353 L.

185 2367 284 2401 Caec.
315 2367 424 2407 Mem
453 2370 514 2409 24,
544 2369 606 2409 18,
635 2371 654 2400 3
682 2367 756 2400 und
782 2370 838 2409 27,
874 2370 927 2408 11,

186 2418 227 2448 12
260 2413 374 2448 heisst
405 2425 443 2447 er
475 2413 632 2448 Marcus.
673 2434 714 2438 —
754 2414 928 2457 torpidos,

184 2461 340 2495 betaubt
381 2461 456 2494 und
506 2460 805 2505 besinnungslos,
856 2471 928 2494 von

185 2507 519 2542 Schlaftrunkenen
540 2512 594 2550 25,
612 2511 668 2550 38,
684 2511 738 2551 17,
759 2507 839 2542 hier
856 2518 927 2541 von

185 2555 305 2589 einem
336 2555 535 2594 Zustande,
575 2556 659 2589 dem
698 2555 762 2589 der
800 2556 929 2599 stupor

185 2602 420 2646 vorausgeht,
449 2602 516 2636 wie
545 2606 576 2643 9,
604 2606 634 2643 2,
666 2606 707 2635 10
734 2602 861 2646 stupor
885 2611 927 2635 ac

184 2648 289 2683 velut
306 2650 433 2693 torpor
454 2649 605 2693 quidam
626 2650 793 2683 membra
812 2650 926 2690 tenet,

184 2696 348 2730 weshalb
388 2696 453 2729 das
489 2695 665 2740 Adjektiv
700 2696 927 2740 proleptisch

185 2755 227 2776 zu
260 2743 382 2777 fassen
413 2742 479 2783 ist,
517 2754 601 2777 cum
632 2743 686 2776 ita
718 2743 788 2777 def.
817 2746 858 2777 ut
885 2753 928 2776 ex

186 2790 337 2832 stupore
360 2790 497 2834 torpidi
518 2792 650 2825 essent.
674 2810 715 2814 —
737 2791 928 2832 defizvisset,

187 2835 270 2869 Tac.
293 2837 378 2879 Agr.
406 2840 451 2870 34
479 2836 700 2871 novissimae
728 2848 784 2871 res
812 2838 849 2871 et
869 2847 926 2871 ex-

998 1428 1116 1460 tremo
1144 1427 1244 1460 metu
1276 1426 1405 1470 torpor
1437 1425 1594 1459 defixere
1625 1426 1744 1460 aciem

998 1474 1036 1507 in
1063 1473 1120 1507 his
1142 1472 1321 1517 vestigiis.
1344 1493 1386 1497 —
1413 1473 1480 1515 fat.
1501 1473 1591 1515 dux,
1610 1476 1667 1516 21,
1687 1476 1744 1515 46,

999 1523 1030 1554 8.
1058 1524 1114 1562 30,
1141 1523 1198 1563 28,
1227 1524 1280 1555 11.

1048 1570 1149 1602 7—9.
1178 1568 1264 1601 aad.
1286 1571 1391 1611 atque
1413 1567 1602 1612 agendam.
1636 1577 1665 1601 0,
1691 1570 1744 1609 14,

1002 1618 1055 1649 14.
1083 1618 1139 1657 26,
1162 1618 1193 1657 7,
1215 1618 1245 1649 6.
1276 1636 1316 1639 -
1345 1614 1398 1648 ait
1417 1613 1522 1658 giebt
1548 1613 1632 1647 dem
1651 1612 1744 1647 Vor-

1000 1662 1151 1705 schlage
1166 1661 1230 1694 des
1247 1660 1371 1704 Scipio
1388 1661 1493 1694 mehr
1506 1660 1742 1703 Nachdruck,

999 1708 1053 1743 als
1080 1719 1185 1743 wenn
1212 1707 1466 1752 zeugmatiseh
1492 1707 1557 1742 der
1582 1707 1745 1751 positive

1000 1755 1142 1799 Begriff
1171 1766 1236 1789 aus
1263 1755 1347 1788 dem
1373 1754 1575 1799 negativen
1601 1755 1744 1799 (negat)

998 1802 1094 1837 bloss
1134 1803 1289 1846 erg-'anzt
1326 1802 1461 1836 wi‘irde.
1499 1822 1542 1826 —
1587 1812 1670 1837 rem.
1703 1812 1744 1846 p.

998 1851 1138 1885 salvam
1160 1861 1191 1884 v.
1220 1861 1248 1883 c.
1277 1852 1332 1892 50,
1360 1853 1390 1883 9.
1419 1852 1475 1892 34,
1496 1853 1552 1891 25,
1574 1853 1606 1884 9.
1634 1868 1678 1874 -
1704 1859 1746 1883 ea

999 1897 1105 1931 nicht
1131 1896 1196 1930 auf
1219 1898 1343 1931 castra
1368 1908 1413 1930 zu
1439 1896 1632 1938 beziehen,
1660 1906 1743 1931 son-

1000 1945 1091 1978 dem
1117 1961 1161 1972 =
1187 1943 1297 1986 talia;
1342 1943 1416 1988 vgl.
1456 1943 1745 1978 Pseudofrontin

1001 2004 1044 2025 zu
1064 1994 1083 2033 ξ
1103 1995 1123 2025 3
1146 1991 1278 2025 citiert.
1309 2012 1349 2015 —
1372 1991 1494 2035 peryit
1517 1991 1582 2032 ire,
1608 1991 1745 2035 eutspr.

1000 2042 1019 2080 ξ
1049 2042 1067 2072 7
1093 2039 1191 2072 irent
1216 2038 1419 2082 extemplo,
1447 2050 1492 2071 zu
1518 2049 1547 2073 0.
1577 2041 1631 2080 19,
1657 2041 1691 2071 4.

1051 2088 1198 2119 10—13.
1238 2095 1281 2118 εσυ
1311 2085 1381 2118 mei
1412 2085 1528 2119 animi
1561 2088 1649 2119 sent.
1688 2088 1745 2126 43,

1003 2135 1057 2173 15,
1079 2135 1111 2173 8,
1134 2131 1422 2165 Schwurformel
1440 2131 1536 2165 nach
1555 2131 1627 2165 Cic.
1650 2131 1744 2165 offic.

1001 2183 1038 2221 3,
1065 2182 1128 2220 29,
1157 2181 1223 2212 108
1252 2178 1350 2221 quod
1377 2189 1420 2211 ex
1447 2176 1562 2211 animi
1586 2177 1642 2211 tui
1664 2187 1745 2211 sen-

999 2225 1120 2259 tentia
1144 2224 1290 2267 iuratis,
1318 2224 1414 2258 sicut
1439 2224 1561 2258 verbis
1583 2223 1743 2268 concipi-

1001 2274 1061 2305 tur
1086 2282 1188 2306 more
1219 2272 1365 2313 nostro,
1400 2271 1642 2306 verschieden
1672 2282 1746 2306 von

1001 2329 1046 2353 ex
1077 2320 1168 2353 sent.
1199 2319 1295 2353 nach
1327 2318 1511 2362 Wunsch,
1546 2321 1606 2362 10,
1634 2321 1696 2360 30,
1726 2321 1743 2352 1

1001 2377 1059 2399 res
1087 2377 1129 2400 ex
1156 2377 1181 2399 s.
1209 2368 1326 2410 gesta.
1358 2386 1401 2390 a
1434 2369 1475 2400 at
1501 2394 1507 2399 .
1537 2392 1543 2398 .
1573 2393 1579 2399 .
1602 2367 1745 2409 patiar,

1002 2424 1104 2447 wozu
1131 2415 1228 2446 etwa
1253 2414 1307 2447 ita
1332 2424 1390 2447 me
1423 2412 1474 2446 dii
1507 2414 1631 2447 ament
1657 2413 1746 2447 oder

1001 2460 1130 2494 iuvent
1162 2472 1205 2494 zu
1241 2463 1424 2504 erg'anzen
1460 2460 1526 2502 ist,
1565 2470 1640 2493 was
1673 2458 1745 2493 den

1001 2508 1208 2551 Gegensatz
1229 2518 1273 2540 zu
1294 2507 1453 2551 pessimo
1474 2507 1549 2540 leto
1571 2505 1644 2540 adf.
1664 2508 1683 2547 ἓ
1701 2510 1742 2540 11

1000 2554 1129 2588 bildet.
1177 2553 1228 2588 Zu
1255 2566 1283 2589 0.
1312 2558 1373 2597 59,
1412 2557 1465 2588 17.
1499 2573 1541 2577 -
1573 2553 1607 2586 si
1630 2553 1745 2587 sciens

1002 2602 1109 2643 fallo,
1137 2605 1199 2644 21,
1226 2605 1287 2644 45,
1315 2605 1346 2635 8.
1383 2600 1455 2635 Cic.
1483 2600 1586 2634 acad.
1612 2611 1665 2643 pr.
1687 2603 1743 2643 47,

1003 2652 1087 2682 146:
1128 2649 1286 2683 maiores
1322 2648 1483 2692 primum
1519 2646 1640 2680 iurare
1675 2657 1745 2687 „ex

1001 2696 1057 2729 sui
1084 2695 1198 2729 animi
1231 2695 1437 2729 sententia“
1467 2703 1651 2737 quemque
1678 2704 1743 2727 vo-

1001 2742 1167 2784 luerunt3
1188 2742 1320 2777 deinde
1340 2741 1394 2775 ita
1408 2741 1536 2783 teneri,
1557 2739 1587 2773 si
1600 2740 1742 2781 „sciens

1001 2789 1183 2824 falleret“.
1221 2809 1264 2814 —-
1302 2793 1378 2823 tum
1403 2799 1456 2822 me
1486 2787 1535 2821 ist
1559 2785 1744 2821 Nachsatz

1002 2849 1044 2869 zu
1072 2836 1101 2871 si
1128 2847 1176 2870 sc.
1204 2836 1306 2879 fallo,
1332 2834 1400 2869 wie
1428 2846 1456 2869 0.
1481 2838 1541 2876 10,
1567 2837 1598 2867 2.
1629 2837 1659 2877 1,
1687 2837 1743 2876 24,
