1882 3163
145 148 170 167 a.
191 140 256 167 Chr.
276 149 306 167 n.
325 141 386 167 212.

624 131 769 166 LIBER
794 130 905 166 XXV.
946 129 1046 165 CAP.
1073 134 1128 165 24.
1156 134 1212 166 25.
1645 130 1701 172 53

146 242 286 270 masse
331 228 485 271 dicitur
527 229 684 285 partim
729 228 882 284 gaudio
927 229 1074 269 tantae
1112 228 1384 282 perpetratae
1422 227 1500 280 rei,
1543 226 1703 281 partim

146 289 316 329 vetusta
351 288 490 343 gloria
527 289 656 330 urbis.

716 287 1046 329 Atheniensium
1085 287 1243 329 classes
1282 286 1498 328 demersae
1536 288 1578 328 et
1618 285 1700 328 duo
1730 296 1769 327 12

145 347 340 402 ingentes
373 348 580 390 exercitus
613 362 709 389 cum
735 347 900 388 duobus
927 346 1173 388 clarissimis
1200 346 1377 387 ducibus
1403 345 1532 387 deleti
1558 359 1701 387 occur-

145 406 299 448 rebant
330 409 373 448 et
408 409 476 449 tot
512 407 625 448 bella
663 421 758 448 cum
791 404 1218 460 Carthaginiensibus
1257 406 1380 446 tanto
1421 420 1517 447 cum
1555 404 1700 446 discri-

146 465 260 506 mine
293 468 426 521 gesta,
456 468 523 508 tot
553 468 639 507 tam
674 465 866 520 opulenti
897 465 1069 519 tyranni
1095 478 1312 520 regesque,
1342 467 1513 519 praeter
1538 466 1702 506 ceteros
1729 475 1772 505 13

144 524 279 567 Hiero
313 540 407 567 cum
438 525 756 567 recentissimae
787 523 1019 565 memoriae
1044 537 1129 577 reX,
1160 526 1252 565 tum
1279 526 1377 565 ante
1405 523 1561 578 omnia,
1593 537 1702 578 quae

144 584 281 626 virtus
315 585 353 626 ei
383 584 640 640 fortunaque
673 599 749 625 sua
780 583 966 637 dederat,
996 582 1213 624 beneficiis
1244 583 1288 624 in
1312 583 1520 638 populum
1545 582 1701 625 Roma-

145 657 249 684 num
281 644 481 699 insignis:
514 658 563 685 ea
602 657 698 685 cum
729 642 928 684 universa
965 644 1234 683 occurrerent
1266 641 1427 696 animo,
1459 642 1703 708 subiretque
1731 655 1773 685 14

145 703 350 757 cogitatio
381 704 467 745 iam
498 703 573 745 illa
611 704 828 744 momento
860 702 991 743 horae
1030 716 1178 743 arsura
1204 701 1349 743 omnia
1381 703 1424 742 et
1455 701 1508 742 ad
1539 702 1703 743 cineres

145 761 352 817 reditura,
389 763 636 817 priusquam
675 762 798 817 signa
834 760 1124 803 Achradinam
1162 760 1423 815 admoveret,
1463 760 1704 816 praemittit
1732 773 1775 803 15

147 819 450 876 Syracusanos,
481 821 553 875 qui
583 822 699 863 intra
713 797 945 876 opraesidia
975 819 1190 874 Romana,
1223 822 1270 862 ut
1303 822 1401 861 ante
1434 819 1595 862 dictum
1626 822 1703 874 est,

145 880 327 932 fuerant,
352 883 400 922 ut
426 880 626 935 adloquio
652 881 738 922 leni
763 880 1018 934 inpellerent
1044 879 1181 922 hostis
1208 879 1262 921 ad
1287 879 1523 920 dedendam
1542 879 1702 920 urbem.

265 939 490 981 Tenebant
509 940 783 982 Achradinae
803 941 950 994 portas
971 953 1200 993 murosque
1219 953 1416 980 maxume
1442 938 1704 993 transfugae,
1719 940 1775 983 25

146 999 300 1054 quibus
337 999 455 1041 nulla
494 1001 584 1041 erat
622 1014 698 1054 per
739 999 1007 1041 condiciones
1048 999 1198 1040 veniae
1240 1012 1354 1054 spes,
1395 998 1434 1039 ei
1471 1012 1549 1039 nec
1588 997 1704 1038 adire

145 1072 288 1099 muros
325 1073 404 1100 nec
442 1058 615 1113 adloqui
647 1073 902 1114 quemquam
934 1058 1061 1113 passi.

1124 1058 1268 1112 itaque
1299 1057 1548 1112 Marcellus,
1588 1058 1704 1111 post·
1731 1069 1750 1100 2

147 1132 275 1172 quam
307 1117 527 1172 inceptum
560 1118 737 1159 inritum
768 1117 861 1172 fuit,
894 1118 947 1159 ad
972 1117 1207 1172 Euryalum
1241 1117 1365 1172 signa
1389 1116 1538 1158 referri
1569 1116 1705 1158 iussit.

145 1176 335 1218 tumulus
374 1178 439 1218 est
476 1177 521 1219 in
559 1180 748 1219 extrema
785 1178 906 1231 parte
949 1177 1067 1218 urbis
1107 1191 1280 1218 aversus
1319 1190 1343 1217 a
1380 1176 1488 1217 mari
1528 1176 1706 1230 viaeque

145 1235 372 1277 imminens
414 1236 570 1278 ferenti
607 1236 653 1278 in
690 1250 817 1291 agros
855 1236 1248 1290 mediterraneaque
1286 1235 1468 1291 insulae,
1514 1249 1706 1290 percom-

146 1295 270 1336 mode
318 1295 423 1337 situs
470 1295 523 1337 ad
567 1298 828 1338 commeatus
877 1295 1160 1349 excipiendos.

1235 1297 1432 1349 praeerat
1473 1294 1572 1336 huic
1618 1293 1705 1336 arci
1731 1308 1752 1337 3

145 1353 420 1396 Philodemus
453 1354 640 1410 Argivus
674 1355 727 1397 ab
752 1354 942 1409 Epicyde
973 1355 1219 1410 impositus3
1252 1354 1304 1396 ad
1337 1368 1462 1409 quem
1490 1354 1649 1396 missus
1682 1368 1707 1395 a

148 1493 187 1517 so
214 1482 274 1525 26,
304 1487 358 1527 11,
379 1487 400 1518 8
425 1484 593 1528 templum¹
619 1494 659 1518 ea
686 1487 888 1528 tempestate

144 1530 332 1565 inclutam.
371 1530 514 1565 Anders
535 1530 595 1573 22,
616 1534 672 1573 56,
688 1535 708 1564 4
728 1542 791 1565 nec
810 1531 889 1565 ulla

144 1579 186 1612 iri
216 1578 284 1611 illa
321 1581 522 1622 tempestate
558 1582 727 1613 matrona
763 1589 889 1622 expers

146 1625 264 1660 luctus
293 1625 430 1668 fuerat:
473 1625 531 1659 ‘in
559 1624 665 1669 jener
697 1625 888 1659 schweren

146 1671 421 1717 (sturmischen)
449 1672 557 1708 Zeit'.

192 1719 457 1766 inlacrimasse]
479 1719 571 1753 wird
593 1721 697 1754 sonst
714 1720 785 1754 mit
803 1719 888 1755 dem

145 1765 229 1802 Dat.
251 1766 317 1801 der
337 1766 452 1802 Sache
473 1767 698 1811 verbunden,
720 1767 780 1802 die
800 1779 888 1802 man

145 1812 323 1857 beweint3
345 1814 440 1849 doch
460 1814 578 1849 findet
597 1814 678 1849 sich
698 1815 765 1849 das
779 1815 889 1849 Wort

146 1860 295 1895 absolut
326 1862 421 1897 auch
452 1862 513 1896 bei
548 1861 620 1896 Cic.
653 1861 730 1898 Cat.
764 1874 810 1897 m.
842 1867 884 1897 27

148 1908 268 1951 (Milo)
288 1910 467 1953 aspexisse
488 1910 635 1944 lacertos
654 1920 737 1945 suos
750 1911 887 1945 dieitur

145 1956 452 2001 inlacrimcmsque
477 1958 611 2001 dimisse
632 1985 638 1991 .
663 1985 668 1990 .

197 2007 248 2038 12.
282 2004 422 2039 duobus
453 2005 621 2050 dacibus]
654 2003 786 2038 Nikias
813 2004 887 2037 und

146 2050 427 2085 Demosthenes.

193 2099 443 2144 occurrebant]
472 2098 636 2134 ni'imlich
657 2100 796 2142 animo,
816 2098 886 2133 wie

195 2196 248 2227 13.
276 2196 326 2228 tot
350 2193 440 2239 tam]
474 2197 547 2227 tam
572 2192 621 2227 ist
648 2192 707 2227 ein
733 2193 887 2228 rhetori-

147 2240 252 2274 scher
273 2239 403 2274 Zusatz
427 2252 489 2274 zur
507 2240 803 2286 Hervorhebung
823 2241 887 2275 des

145 2287 491 2332 Adjectivbegriffs,
539 2299 641 2322 wozu
685 2289 779 2322 auch
823 2289 889 2323 der

148 2333 289 2378 Superl.
317 2334 552 2379 ausgereicht
582 2335 705 2379 hatte,
738 2336 807 2370 wie
837 2336 888 2369 im

146 2380 487 2425 Vorhergehenden
506 2387 557 2417 tot
577 2384 668 2417 bella
688 2387 788 2418 tanto
809 2395 889 2418 cam

147 2429 356 2463 discrimine
379 2433 496 2474 qesta,-
521 2430 594 2473 vgl.
623 2434 679 2472 37,
707 2434 761 2464 13.

193 2476 412 2519 fortunaque
425 2476 508 2521 saa]
530 2487 570 2510 so
591 2477 691 2510 steht
710 2488 777 2511 sua
794 2478 889 2511 auch

148 2522 185 2556 in
223 2522 437 2566 Bcziehung
475 2534 516 2556 zu
556 2523 675 2557 61116111
715 2523 889 2567 obliqucn

149 2569 262 2604 Casus
285 2571 360 2613 (ei),
383 2569 465 2603 weil
487 2570 552 2603 der
570 2569 657 2604 Sinn
679 2570 743 2604 des
765 2571 889 2605 Satzes

148 2616 199 2651 ist
223 2629 313 2662 qaae
339 2630 359 2651 a
386 2618 536 2660 fortuna
561 2629 628 2652 saa
653 2618 820 2660 habebat;
849 2629 888 2652 so

148 2663 208 2698 bei
235 2663 312 2699 Liv.
341 2664 443 2698 nic-ht
476 2665 612 2707 scltcn,
645 2677 671 2699 z.
699 2665 738 2699 B.
769 2670 829 2708 14,
857 2670 887 2700 7.

148 2711 215 2755 35,
242 2715 303 2755 42,
331 2716 350 2747 8
378 2713 437 2746 cai
462 2711 700 2757 (Hannibali)
732 2713 825 2747 mille
850 2714 890 2747 in

149 2759 224 2794 (lies
255 2770 350 2794 nova
381 2760 533 2795 consilia
566 2760 618 2794 vel
641 2760 792 2802 fortuna
822 2771 890 2795 sua

149 2806 202 2840 vel
227 2807 411 2852 inyem'am
431 2810 550 2851 posset
574 2807 700 2850 facere.

200 2857 251 2887 14.
293 2859 464 2889 »lomento
494 2854 617 2899 horae]
653 2853 718 2887 ‘im
745 2854 890 2899 Augen-

150 2899 281 2944 bliek’,
308 2900 378 2935 wie
404 2905 460 2944 28,
488 2905 519 2945 9,
547 2900 664 2935 woftir
690 2900 767 2936 Liv.
796 2902 888 2935 auch

961 1483 1026 1517 das
1053 1482 1176 1518 blosse
1203 1487 1375 1518 momento
1399 1482 1606 1527 gebraucht
1631 1481 1706 1527 (28,

962 1535 1000 1574 6,
1033 1532 1068 1573 4)
1102 1530 1192 1564 oder
1222 1534 1395 1566 momento
1426 1531 1595 1575 temporis
1627 1529 1705 1573 (25,

963 1583 1018 1621 14,
1047 1579 1105 1618 10>
1132 1577 1231 1621 oder,
1258 1588 1333 1611 was
1359 1577 1421 1611 bei
1449 1576 1522 1612 Cic.
1550 1577 1616 1611 das
1643 1588 1705 1622 ge-

961 1625 1171 1660 wohnliche
1197 1625 1264 1667 ist,
1292 1630 1431 1670 puncto
1456 1626 1623 1670 temporis
1656 1624 1705 1668 (3,

962 1677 1023 1717 27,
1058 1676 1108 1717 7)·
1160 1671 1310 1707 Caesar:
1353 1673 1502 1719 vestiyio
1538 1673 1708 1717 temporis

963 1723 1005 1764 (z.
1032 1719 1072 1754 B.
1099 1719 1158 1754 BC
1186 1720 1220 1764 2,
1247 1724 1302 1763 26,
1330 1722 1375 1765 2).

1010 1772 1067 1802 15.
1082 1769 1183 1803 intra
1191 1768 1382 1813 praesidia
1390 1767 1560 1803 Romana
1573 1766 1618 1813 e]
1634 1766 1705 1812 eig.

961 1815 999 1848 in
1025 1814 1235 1850 iomischen
1255 1814 1587 1860 Garnisonplatzen
1613 1814 1705 1858 sein,

962 1862 1059 1896 dann
1098 1873 1138 1896 so
1177 1862 1252 1896 viel
1291 1863 1345 1896 als
1381 1863 1439 1896 ‘zu
1469 1862 1542 1896 den
1573 1873 1600 1896 r.
1636 1861 1706 1896 Β6-

962 1911 1162 1953 satzungen
1188 1909 1366 1954 gehor’en
1374 1938 1381 1953 ,
1408 1908 1490 1943 hier
1516 1926 1560 1938 =
1586 1910 1627 1944 in
1647 1920 1705 1944 ca-

961 1959 1045 1992 stris
1077 1957 1141 1999 R.;
1180 1956 1255 2002 vgl.
1289 1962 1352 2001 23,
1384 1961 1415 1992 4.
1460 1961 1522 2000 31,
1555 1961 1586 1991 3.
1614 1961 1646 1993 6.
1673 1961 1704 1991 8.

961 2004 1144 2039 Aehnlich
1188 2006 1228 2039 in
1271 2005 1471 2050 praesidiis
1521 2015 1592 2039 esse
1636 2002 1706 2049 (oft

961 2051 1022 2086 bei
1060 2051 1159 2094 Liv.;
1198 2051 1272 2097 vgl.
1308 2051 1380 2086 Cic.
1414 2064 1450 2097 p.
1484 2051 1563 2087 Sex.
1597 2050 1705 2086 Rosc.

964 2104 1048 2134 126:
1074 2100 1116 2134 iri
1141 2099 1263 2134 Sullae
1282 2100 1482 2144 praesidiis
1506 2100 1604 2144 fuit).

1011 2146 1070 2189 25,
1087 2152 1117 2181 1.
1140 2158 1207 2191 per
1221 2147 1463 2193 condiciones]
1480 2146 1514 2181 d.
1528 2147 1564 2180 h.
1578 2146 1704 2181 moch—

963 2195 1027 2228 ten
1041 2194 1100 2228 dic
1115 2194 1385 2239 Bedingungen
1403 2194 1468 2228 der
1486 2193 1705 2238 Uebergabe

964 2241 1055 2285 sein,
1080 2241 1221 2276 welche
1243 2241 1294 2276 sie
1316 2241 1479 2285 wollten,
1507 2241 1567 2275 die
1587 2246 1705 2276 trans-

962 2290 1071 2335 fayae
1095 2289 1227 2323 hatten
1258 2289 1367 2323 keine
1394 2288 1587 2331 Aussicht,
1621 2288 1706 2322 dass

962 2336 1075 2371 ihnen
1112 2336 1151 2370 in
1196 2337 1397 2371 denselben
1435 2335 1707 2380 Beguadigung

962 2384 1194 2428 zugesichert
1220 2384 1355 2419 wsirde.

1009 2431 1234 2476 quemquam]
1270 2430 1321 2464 ist
1353 2430 1434 2475 Obj.
1469 2441 1511 2463 zu
1537 2430 1705 2474 adloqui,-

963 2478 1028 2512 der
1060 2477 1422 2521 Subjcctsaccusativ
1449 2478 1599 2522 ergiinzt
1624 2476 1704 2510 sich

962 2536 1026 2558 aus
1054 2529 1110 2567 24,
1140 2530 1192 2559 15.

1010 2577 1040 2606 2.
1062 2576 1275 2617 postquam.

963 2618 1046 2652 (16111
1075 2619 1129 2653 ‘er
1150 2648 1156 2654 .
1179 2647 1186 2653 .
1209 2619 1437 2663 gescheitert
1462 2619 1555 2653 sah’.

1008 2667 1088 2701 ‘ciac
1134 2667 1342 2711 imminens]
1390 2667 1521 2700 ‘stes-st
1558 2678 1603 2700 an
1643 2665 1703 2700 die

963 2713 1116 2757 δἐι-3336,
1131 2714 1225 2755 licgt
1239 2725 1284 2747 an
1303 2713 1373 2747 ihr’
1395 2716 1440 2758 (u.
1457 2713 1702 2748 ‘bchorrscht’

964 2759 1048 2805 si‹.·);
1080 2761 1154 2805 vgl.
1171 2761 1229 2803 24,
1245 2765 1276 2804 7,
1287 2766 1306 2796 3
1322 2762 1451 2796 liberas
1467 2762 1566 2796 aedis
1580 2762 1703 2796 conia-

962 2809 1036 2842 rati
1056 2809 1278 2843 imminentes
1298 2809 1377 2843 ¹viae
1397 2813 1572 2854 angustae
1585 2819 1704 2852 samp-

963 2860 1094 2890 serant.

1012 2903 1287 2948 mecliterrcwzea]
1316 2915 1342 2936 s.

1295 2600 1301 2606 .
1317 2573 1469 2606 inritam
1485 2572 1574 2618 fait]
1594 2571 1704 2605 nach-

1371 2914 1410 2936 κη
1441 2906 1494 2945 13,
1524 2907 1576 2938 14.
