1882 3163
173 104 228 147 18
696 104 842 139 LIBER
867 104 999 140 XXIII.
1051 105 1153 142 CAP.
1181 110 1212 141 9.

1577 125 1601 142 a.
1621 125 1649 143 u.
1669 118 1732 144 538.

171 214 335 269 religio,
367 227 454 255 non
486 213 641 268 pietas3
675 213 913 255 audeantur
944 212 1133 267 infanda,
1166 214 1202 255 si
1233 228 1319 256 non
1351 214 1581 268 perniciem
1606 216 1734 258 nobis

131 285 268 315 6611111
303 272 458 314 scelere
496 271 650 313 ferunt.
700 287 810 314 unus
850 272 1130 328 adgressurus
1171 287 1213 314 es
1252 272 1557 329 Hannibalem3
1604 275 1735 329 quid?

171 332 248 372 illa
279 331 407 372 turba
438 333 505 373 tot
535 331 768 373 liberorum
803 346 1123 386 servorumque,
1165 331 1294 386 quid?
1334 332 1380 373 in
1412 347 1541 374 unum
1574 333 1732 374 intenti

172 391 363 432 omnium
396 390 518 444 oculi,
551 390 681 445 quid?
725 392 791 432 tot
827 390 999 432 dextrae
1039 393 1284 445 torpescent
1321 391 1367 432 in
1408 391 1598 433 amentia
1628 391 1733 433 illa?

131 450 335 491 vvoltum
379 449 515 503 ipsius
560 448 836 503 Hannibalis,
891 463 1015 505 quem
1067 450 1220 491 armati
1266 450 1476 491 exercitus
1522 451 1733 492 sustinere

171 509 391 561 nequivere,
424 522 549 563 quem
581 508 728 549 horret
757 509 942 563 populus
974 508 1207 563 Romanus,
1239 511 1286 550 tu
1313 509 1577 551 sustinebis?
1610 511 1658 551 ut
1683 510 1733 551 ab

172 568 269 609 aliis
303 567 460 608 auxilia
493 567 644 621 desint,
676 582 743 608 me
775 568 913 621 ipsum
941 567 1066 609 ferire
1094 582 1247 622 corpus
1276 581 1417 609 meum
1444 570 1733 622 opponentem

131 637 247 681 Spro
294 640 469 681 corpore
507 625 764 668 Hannibalis
804 626 1065 668 sustinebis?
1117 627 1235 681 atqui
1279 641 1355 681 per
1398 641 1540 668 meum
1584 629 1732 681 pectus

170 685 377 740 petendus
404 685 474 726 ille
499 685 581 726 tibi
606 685 1007 741 transfigendusque
1034 688 1111 727 est.
1151 685 1223 727 sed
1250 685 1321 726 hic
1347 688 1389 726 te
1418 686 1619 727 deterreri
1640 686 1732 727 sine

171 745 319 799 potius
353 759 480 798 quam
518 744 606 785 illic
645 744 777 797 vinci3
821 745 993 785 valeant
1030 759 1175 798 preces
1215 744 1328 798 apud
1366 746 1408 785 te
1447 759 1584 799 meae,
1625 745 1734 787 sicut

131 815 150 845 9
172 818 249 858 pro
282 806 324 844 te
357 803 483 845 hodie
516 802 779 844 valuerunt&
829 803 1126 844 lacrimantem
1171 803 1269 844 inde
1314 804 1510 845 iuvenem
1555 817 1733 845 cernens

171 862 359 903 medium
391 862 673 916 conplectitur
705 864 834 916 atque
873 862 1016 903 osculo
1054 862 1234 903 haerens
1271 876 1359 904 non
1398 864 1496 903 ante
1535 863 1732 916 precibus

172 921 354 975 abstitit,
387 935 513 975 quam
539 921 732 974 pervicit,
763 923 811 961 ut
837 920 1027 976 gladium
1054 923 1234 974 poneret
1258 921 1467 975 fidemque
1489 921 1609 962 daret
1627 921 1734 962 nihil

114 992 156 1023 10
171 980 383 1022 facturum
409 980 508 1020 tale.
554 981 644 1020 tum
670 980 835 1021 iuvenis
861 993 965 1034 „ego
993 979 1189 1034 quidem“
1219 980 1359 1033 inquit
1390 995 1543 1034 „quam
1570 980 1734 1034 patriae

114 1051 156 1081 11
172 1039 305 1080 debeo
350 1040 574 1092 pietatem,
620 1039 835 1080 exsolvam
880 1039 1003 1093 patri.
1054 1041 1174 1080 tuam
1216 1038 1340 1080 doleo
1378 1039 1532 1093 vicem,
1571 1039 1637 1080 cui
1668 1041 1736 1080 ter

170 1097 364 1152 proditae
408 1098 574 1152 patriae
614 1097 910 1139 sustinendum
960 1099 1025 1138 est
1062 1097 1240 1151 crimen,
1280 1097 1427 1152 semel,
1466 1112 1563 1139 cum
1596 1097 1732 1139 defec-

170 1157 301 1198 tionis
335 1157 388 1197 ab
422 1156 646 1209 Romanis,
685 1156 860 1211 iterum,
904 1171 999 1198 cum
1043 1156 1161 1210 pacis
1202 1170 1297 1197 cum
1336 1155 1581 1198 Hannibale
1612 1155 1734 1197 fuisti

174 1218 338 1269 auctor,
370 1216 499 1256 tertio
533 1215 677 1270 hodie,
718 1230 814 1257 cum
846 1214 1136 1257 restituendae
1167 1214 1376 1257 Romanis
1410 1214 1580 1269 Capuae
1612 1229 1733 1256 mora

112 1287 153 1317 12
171 1276 297 1329 atque
329 1274 665 1328 inpedimentum
699 1289 755 1316 es.
805 1277 867 1329 tu,
899 1275 1053 1329 patria,
1085 1274 1262 1328 ferrum,
1295 1288 1377 1329 quo
1410 1289 1488 1328 pro
1520 1276 1562 1315 te
1596 1288 1733 1315 arma-

169 1337 238 1374 tus
272 1333 383 1375 hanc
417 1347 557 1375 arcem
589 1333 778 1375 hostium
817 1334 913 1387 inii,
959 1333 1159 1388 quoniam
1197 1347 1354 1387 parens
1394 1334 1637 1388 extorquet,
1669 1347 1733 1373 re-

112 1405 152 1435 13
169 1392 298 1447 cipe“.
347 1392 452 1433 haec
479 1407 573 1434 cum
603 1392 790 1446 dixisset,
818 1393 1009 1446 gladium
1036 1393 1080 1433 in
1106 1392 1327 1446 publicum
1354 1394 1474 1433 trans
1501 1392 1731 1434 maceriam

168 1508 308 1553 reliyio]
337 1508 405 1542 Die
422 1507 711 1553 Heilighaltung
725 1508 789 1543 des
805 1508 913 1543 Grast-

167 1556 314 1590 rechtes
341 1566 417 1589 war
450 1555 531 1589 eine
569 1555 741 1600 religiose
766 1555 912 1598 Pflicht,

168 1602 259 1637 iiber
293 1602 404 1636 deren
429 1601 628 1647 Erfunung
652 1601 823 1647 Juppiter
848 1602 912 1637 ho-

171 1648 313 1694 spitalis
339 1649 494 1684 wachte.

216 1712 247 1742 6.
273 1708 398 1753 turba]
426 1708 552 1743 Dieses
572 1708 681 1743 Wort
701 1707 829 1743 deutet
854 1718 911 1751 an,

168 1755 249 1790 dass
276 1755 341 1790 das
375 1755 532 1800 Gefolge
565 1754 772 1790 Hannibale
810 1755 914 1789 zahl-

167 1802 268 1837 reich
304 1802 371 1845 sei,
411 1802 505 1837 auch
537 1802 630 1836 wird
667 1802 834 1837 dasselbe
860 1802 912 1836 im

169 1849 379 1894 Speisesaal
418 1849 615 1884 anwesend
654 1849 815 1894 gedacht
853 1850 913 1891 (in

166 1908 280 1932 unum
306 1897 468 1938 intenti).
507 1896 634 1930 Livius
660 1896 777 1930 meint
801 1896 912 1939 wohl,

167 1944 288 1979 Hann.
315 1944 411 1978 habe
437 1944 532 1977 auch
559 1942 664 1978 einen
686 1943 769 1978 Teil
795 1943 913 1978 seiner

171 1990 338 2026 Offiziere
364 2002 426 2025 zur
451 1990 558 2025 Tafel
585 2001 760 2035 gezogen.

217 2049 431 2094 torpescent]
484 2050 691 2092 „erstarren
707 2076 715 2092 ,
781 2049 916 2083 schlaff

170 2096 284 2139 sein“‚
299 2096 411 2130 n'aml.
430 2107 495 2130 vor
510 2096 738 2137 Schrecken;
766 2096 840 2139 vgl.
857 2100 914 2139 22,

170 2147 202 2185 3,
231 2146 273 2176 13
300 2143 475 2185 effodiant
501 2143 664 2187 si‘q'num,
699 2143 731 2177 si
757 2143 805 2177 ad
831 2153 912 2177 eon-

168 2190 366 2224 vellemlum
398 2200 530 2223 manus
552 2200 643 2232 prae
678 2192 772 2223 metu
797 2190 914 2224 obtor-

163 2239 336 2281 puerunt.
366 2256 409 2261 —
437 2236 613 2280 [tinentia]
642 2236 815 2270 rasendes
842 2235 909 2269 Be-

172 2283 319 2328 ginnen.

220 2346 250 2376 7.
278 2342 481 2386 nequivere]
510 2341 620 2375 n'aml.
637 2340 674 2374 in
690 2341 761 2375 den
774 2340 912 2374 bereits

168 2388 385 2433 gelieferten
413 2388 657 2430 Schlachten3
684 2387 758 2432 vgl.
781 2387 844 2421 Sil.
867 2387 911 2422 It.

170 2441 224 2478 11,
245 2440 313 2470 339
335 2439 421 2470 time
440 2436 557 2478 illum,
583 2446 684 2479 quem
709 2445 784 2469 'nort
803 2435 912 2478 acies,

167 2494 242 2517 non
259 2484 401 2518 moenia
415 2486 446 2517 et
459 2483 564 2517 urbes
577 2484 671 2525 ferre
687 2482 818 2524 valent,
833 2491 912 2516 cum

168 2531 271 2572 frons
298 2550 341 2555 -—-
368 2530 450 2574 iyne
476 2530 585 2564 micat
612 2548 654 2554 —
669 2529 876 2573 pertuleris.

215 2592 255 2623 ut
293 2589 338 2623 ab
378 2589 464 2622 aliis
501 2588 587 2633 etc.]
639 2597 909 2632 angenommen

170 2635 254 2679 (vgl.
276 2638 331 2677 22,
347 2638 403 2677 25,
419 2639 438 2669 2
465 2638 506 2669 ut
526 2646 611 2669 vera
630 2635 753 2669 omnia
772 2635 909 2677 essent),

170 2692 207 2715 es
228 2682 349 2716 werde
369 2682 446 2716 ihm
468 2692 540 2716 von
561 2682 632 2715 den
654 2682 791 2715 andern
813 2681 910 2724 (dem

169 2727 323 2772 Gefolge
350 2740 383 2762 u.
405 2729 475 2763 den
495 2727 656 2771 Wirten)
683 2727 792 2762 keine
811 2727 910 2761 Hilfe

170 2775 355 2818 geleistet.
396 2795 438 2800 --
481 2774 605 2819 ferire]
645 2774 711 2809 Bei
736 2775 913 2809 sustinere

171 2820 376 2863 „imstande
411 2821 508 2864 sein,
547 2832 584 2856 es
616 2821 707 2856 iiber
738 2821 817 2855 sich
849 2831 911 2865 ge-

170 2866 339 2901 winnen“
366 2869 465 2902 steht
490 2867 541 2902 im
572 2867 755 2903 silbernen
781 2867 911 2902 Latein

988 1508 1052 1543 der
1071 1508 1138 1542 Inf.
1153 1507 1257 1543 nicht
1278 1508 1409 1552 selten,
1430 1508 1505 1542 und
1526 1518 1622 1542 zwar
1642 1507 1732 1542 hau-

986 1555 1078 1599 figer
1103 1554 1139 1589 in
1166 1555 1365 1600 negativen
1399 1555 1454 1589 als
1479 1555 1517 1588 in
1543 1554 1731 1599 positiven

988 1601 1121 1636 S'atzen
1148 1603 1304 1646 (Dr'ager
1329 1601 1374 1636 H.
1403 1601 1437 1636 S.
1464 1601 1526 1645 112,
1554 1603 1646 1645 334).

1035 1664 1065 1695 8.
1110 1660 1187 1706 sed]
1215 1659 1467 1704 abbrechend,
1508 1659 1577 1694 wie
1617 1656 1729 1693 ἀλλάι

986 1719 1048 1741 um
1075 1707 1153 1742 dies
1184 1707 1291 1741 nicht
1316 1707 1444 1742 weiter
1470 1705 1729 1742 auszuftihren.

988 1775 1031 1779 —
1058 1755 1217 1798 valeant]
1244 1754 1418 1789 wirksam
1447 1753 1534 1789 sein.

1034 1817 1065 1848 9.
1093 1813 1264 1858 medium]
1307 1825 1393 1857 „um
1427 1812 1487 1847 die
1515 1812 1659 1847 Brust‘fl
1687 1832 1731 1837 --

987 1861 1106 1895 osculo
1140 1860 1257 1906 hoen]
1298 1860 1446 1903 „indem
1485 1870 1524 1895 er
1560 1859 1625 1894 ibn
1663 1858 1732 1893 mit

986 1907 1129 1942 Kussen
1154 1907 1412 1942 iiberhaufte“.
1440 1927 1483 1932 —-
1504 1906 1669 1952 poneret]
1686 1922 1730 1935 =

987 1955 1185 1999 deponeret,
1213 1954 1283 1989 wie
1311 1958 1342 1997 3,
1363 1958 1422 1996 42,
1443 1957 1463 1988 6
1490 1954 1611 1998 posito
1637 1953 1731 1997 odio,

989 2004 1114 2044 7‚16,5
1136 2002 1216 2046 pilo
1236 2002 1369 2046 posito,
1397 2000 1498 2036 Caes.
1519 2001 1554 2035 b.
1575 2012 1610 2045 g.
1625 2004 1731 2045 4,37,

991 2052 1007 2081 1
1036 2059 1140 2083 arma
1159 2058 1303 2092 ponere.

1036 2110 1091 2141 10.
1112 2106 1309 2151 exsolvam]
1330 2106 1418 2150 eig.:
1440 2106 1495 2139 als
1512 2105 1649 2140 Sohuld
1669 2105 1731 2139 be-

987 2154 1128 2196 zahlen,
1155 2153 1253 2187 hier:
1281 2153 1340 2186 die
1359 2152 1472 2187 Liebe
1497 2164 1579 2185 zum
1598 2151 1731 2185 Vater-

987 2200 1095 2234 lande
1123 2199 1205 2234 dem
1225 2198 1340 2233 Vater
1366 2210 1470 2241 „zum
1492 2198 1606 2242 Opfer
1631 2197 1730 2232 brin-
1798 2218 1800 2220 -

987 2248 1093 2291 gen“.
1122 2266 1164 2271 —
1191 2245 1316 2290 vicem]
1345 2245 1546 2287 Schicksal,
1573 2245 1655 2279 Los.

1036 2308 1090 2339 11.
1111 2304 1179 2349 ter]
1195 2303 1426 2338 rhetorische
1443 2296 1727 2347 Ubertreibung,

986 2352 1034 2398 da
1066 2352 1129 2385 der
1161 2350 1289 2385 Abfall
1322 2362 1394 2385 von
1426 2351 1519 2386 Rom
1557 2350 1632 2385 und
1665 2350 1731 2384 der

985 2398 1170 2433 Ubertritt
1202 2410 1244 2432 zu
1277 2397 1466 2432 Hannibal
1501 2407 1728 2431 zusammen-

986 2445 1100 2480 fallen
1120 2445 1208 2490 (vgl.
1231 2445 1325 2489 Kap.
1342 2449 1373 2488 6,
1390 2446 1435 2488 5).
1451 2464 1494 2470 -
1515 2443 1631 2488 mora]
1656 2453 1729 2478 von-

986 2492 1086 2527 einer
1124 2492 1278 2527 Person:
1326 2492 1488 2526 Ursache
1531 2491 1595 2525 des
1640 2489 1729 2523 Ver-

985 2551 1073 2583 zugs
1100 2539 1251 2583 (sibers.:
1274 2538 1506 2583 „verzogerst
1535 2536 1611 2572 und
1646 2536 1728 2570 hin-

1044 2598 1050 2605 ι
1090 2588 1109 2604 ί(

986 2587 1087 2668 aa&
1112 2588 1252 2677 breem]
1287 2629 1638 2676 ,‚Hauptquartier“,
1668 2640 1725 2664 so-

984 2679 1063 2714 fern
1090 2680 1154 2714 der
1179 2679 1357 2714 Feldherr
1382 2679 1467 2712 dort
1491 2687 1575 2712 war.
1602 2696 1646 2701 —
1672 2687 1725 2710 re-

985 2727 1079 2773 cipe]
1113 2725 1474 2771 entgegennehmen3
1508 2734 1545 2758 re
1575 2722 1655 2757 hier
1681 2739 1725 2752 =

985 2774 1180 2818 entgegen,
1208 2773 1314 2807 nicht
1339 2788 1382 2801 =
1410 2769 1592 2815 ,‚znru0k“
1619 2768 1724 2814 (Kap.

989 2823 1092 2902 7'153:
1114 2866 1322 2911 maceriam]
1351 2862 1612 2909 ‚,Lehmwand,
1637 2862 1726 2897 Gar-
