1882 3163
206 113 263 153 42
697 111 842 145 LIBER
868 111 981 146 XXV.
1022 110 1122 146 CAP.
1151 115 1204 147 18.
1240 115 1292 146 19.

1562 129 1589 148 a.
1611 131 1641 148 u.
1661 130 1684 148 c.
1707 124 1768 150 542.

206 208 459 258 consuleret,
490 207 841 261 permitterentne
875 207 957 248 sibi
994 209 1114 249 extra
1151 207 1343 249 ordinem
1382 208 1426 249 in
1466 212 1771 262 provocantem

207 267 378 308 hostem
410 280 621 321 pugnare,
661 267 872 320 permissu
910 281 1057 308 eorum
1095 281 1214 308 arma
1251 267 1366 320 cepit
1404 281 1640 321 equumque
1673 282 1771 310 con—

207 325 372 367 scendit
410 328 452 366 et
490 325 674 366 Badium
712 325 886 366 nomine
927 325 1191 380 compellans
1234 325 1286 366 ad
1329 339 1521 380 pugnam
1566 327 1771 369 evocavit.

138 395 179 426 13
206 385 326 425 nulla
358 399 480 425 mora
513 399 538 425 a
570 383 788 437 Campano
820 384 937 425 facta
969 388 1050 438 est,
1088 384 1257 425 infestis
1297 385 1415 438 equis
1454 388 1771 430 concurrerunt.

208 442 432 497 Crispinus
467 457 595 497 supra
628 446 796 484 scutum
829 443 1049 484 sinistrum
1080 458 1274 484 umerum
1302 442 1438 485 Badio
1471 443 1598 485 hasta
1629 447 1769 486 trans-

205 503 299 543 fixit
332 516 541 557 superque
574 502 795 556 delapsum
827 517 923 543 cum
955 503 1127 543 vulnere
1155 517 1205 543 ex
1238 516 1345 556 equo
1385 502 1575 557 desiluit,
1613 506 1662 545 ut
1698 518 1768 557 pe-

136 572 178 602 14
207 560 279 602 des
306 561 518 603 iacentem
539 561 774 603 conficeret.
813 560 972 602 Badius
999 561 1249 616 priusquam
1277 561 1598 615 opprimeretur,
1618 576 1769 616 parma

136 630 178 661 15
206 622 334 674 atque
368 635 476 675 equo
508 620 655 661 relicto
690 619 739 661 ad
775 635 874 661 suos
908 620 1094 675 aufugit,
1128 619 1353 674 Crispinus
1381 634 1535 674 equum
1562 635 1767 676 armaque

205 681 332 733 capta
370 684 412 720 et
457 682 677 720 cruentam
722 679 940 733 cuspidem
984 679 1167 734 insignis
1213 679 1361 733 spoliis
1407 680 1627 721 ostentans
1673 694 1769 721 cum

203 752 363 793 magna
393 738 518 779 laude
551 741 593 779 et
625 738 915 792 gratulatione
946 738 1134 779 militum
1168 738 1220 778 ad
1247 739 1444 779 consules
1472 741 1538 779 est
1564 738 1767 780 deductus

203 797 488 852 laudatusque
520 797 581 838 ibi
613 796 842 851 magnifice
875 799 917 837 et
948 796 1071 838 donis
1105 797 1300 838 donatus.

135 855 188 897 19
322 855 542 897 Hannibal
580 870 630 897 ex
672 869 776 910 agro
815 855 1120 896 Beneventano
1163 858 1305 896 castra
1346 855 1399 896 ad
1438 855 1629 910 Capuam
1670 870 1768 898 oum

204 915 431 969 movisset,
472 915 601 956 tertio
643 917 742 968 post
773 914 840 954 die
879 929 1006 968 quam
1043 914 1160 954 venit
1198 915 1345 968 copias
1376 914 1423 955 in
1455 915 1590 956 aciem
1622 915 1768 956 eduxit

156 984 175 1014 2
202 973 533 1029 haudquaquam
565 973 736 1027 dubius,
769 972 882 1027 quod
915 971 1145 1026 Campanis
1179 973 1353 1013 absente
1395 988 1439 1014 se
1471 988 1630 1027 paucos
1664 977 1765 1015 ante

203 1033 293 1074 dies
327 1033 511 1074 secunda
543 1032 698 1073 fuisset
728 1046 887 1086 pugna,
919 1031 1022 1086 quin
1053 1032 1189 1072 multo
1223 1032 1363 1072 minus
1396 1046 1440 1072 se
1473 1047 1678 1087 suumque
1703 1035 1767 1074 to-

155 1102 174 1133 3
202 1092 315 1132 tiens
347 1092 552 1133 victorem
591 1091 822 1132 exercitum
861 1090 1072 1132 sustinere
1104 1090 1288 1131 Romani
1325 1093 1514 1144 possent.

1577 1094 1766 1132 ceterum

202 1153 433 1204 postquam
465 1150 651 1204 pugnari
684 1152 884 1203 coeptum
916 1152 993 1203 est,
1025 1150 1219 1203 equitum
1245 1149 1429 1190 maxime
1455 1149 1641 1204 incursu,
1672 1165 1768 1191 cum

202 1210 352 1250 iaculis
379 1209 642 1263 obrueretur,
669 1209 896 1250 laborabat
923 1208 1117 1250 Romana
1145 1209 1269 1262 acies,
1296 1209 1429 1250 donec
1456 1209 1627 1263 signum
1654 1209 1767 1264 equi-

154 1279 176 1308 4
202 1268 316 1309 tibus
350 1268 498 1309 datum
531 1270 608 1321 est,
640 1270 688 1308 ut
719 1268 763 1309 in
794 1267 964 1309 hostem
990 1267 1265 1308 admitterent
1291 1282 1435 1322 equos.
1484 1267 1545 1308 ita
1571 1271 1767 1322 equestre

200 1327 409 1381 proelium
445 1329 553 1380 erat,
592 1341 687 1368 cum
724 1327 871 1380 procul
911 1327 1028 1368 visus
1062 1325 1394 1380 Sempronianus
1434 1327 1661 1380 exercitus,
1700 1327 1767 1368 cui

203 1385 277 1427 Cn.
313 1384 536 1427 Cornelius
570 1389 773 1439 quaestor
811 1388 1025 1439 praeerat,
1063 1385 1232 1438 utrique
1271 1385 1384 1438 parti
1427 1399 1571 1438 parem
1605 1387 1767 1426 metum

155 1456 175 1486 5
200 1445 411 1499 praebuit,
436 1459 490 1485 ne
510 1445 657 1486 hostes
678 1445 779 1485 novi
802 1444 1090 1485 adventarent.
1141 1444 1258 1485 velut
1284 1459 1333 1485 ex
1354 1444 1591 1497 composito
1618 1444 1765 1485 utrim-

201 1518 282 1558 que
316 1504 486 1557 signum
518 1503 707 1557 receptui
741 1503 900 1557 datum,
932 1503 1180 1557 reductique
1213 1503 1258 1544 in
1290 1505 1431 1544 castra
1462 1517 1596 1556 prope
1629 1517 1764 1557 aequo

200 1562 339 1603 Marte
372 1563 674 1617 discesserunt,

714 1562 859 1616 plures
897 1564 1041 1603 tamen
1080 1562 1133 1603 ab
1166 1561 1373 1603 Romanis
1410 1562 1550 1615 primo
1591 1561 1785 1603 incursu?

154 1633 174 1664 6
201 1622 392 1675 equitum
425 1621 677 1662 ceciderunt.
727 1620 824 1661 inde
851 1621 1046 1662 consules
1079 1624 1127 1661 ut
1153 1623 1397 1661 averterent
1421 1634 1447 1660 a
1475 1619 1622 1673 Capua
1648 1620 1765 1661 Han-

199 1680 400 1734 nibalem,
431 1683 568 1734 nocte,
601 1694 709 1734 quae
743 1682 890 1720 secuta
922 1681 1003 1730 est,
1036 1679 1194 1720 diversi
1220 1679 1397 1720 Fulvius
1424 1679 1466 1719 in
1501 1692 1652 1733 agrum
1684 1678 1763 1720 Cu-

201 1783 330 1826 Sinne3
358 1784 423 1818 der
445 1784 525 1818 Ind.
545 1783 672 1817 wurde
693 1783 753 1817 die
774 1782 943 1817 einfache

199 1831 409 1865 Thatsache
442 1830 660 1876 angegeben
697 1830 836 1873 haben,
874 1830 944 1864 wie

200 1878 260 1920 27,
276 1882 333 1921 42,
350 1882 392 1912 13
420 1882 562 1913 tmztum
580 1882 753 1920 moratus,
774 1879 860 1912 dum
879 1878 943 1911 mi-

200 1926 278 1960 lites
303 1926 353 1960 ad
371 1927 551 1970 praedam
570 1926 783 1960 (liseur-rma
809 1924 943 1968 <Pi-aes.

198 1972 314 2017 hist).

249 2036 302 2065 13.
342 2032 485 2075 infestis
517 2032 631 2077 eqm's]
667 2031 743 2075 vgl.
778 2031 817 2073 S,
853 2035 890 2072 7,
923 2034 942 2065 9

199 2090 280 2112 cum
311 2079 453 2122 infestis
493 2079 705 2122 cuspidibus
742 2078 943 2113 concurris-

197 2129 284 2159 seut.

245 2172 402 2217 scutum]
424 2171 475 2205 ist
494 2172 559 2205 der
579 2182 706 2215 grosse
730 2171 858 2205 Schild
879 2172 944 2205 der

199 2218 418 2261 Infanterie,
457 2218 522 2251 der
552 2218 649 2260 hier,
685 2218 755 2252 wie
793 2223 853 2260 16,
887 2223 942 2261 21,

198 2276 369 2309 ungenau
384 2265 477 2299 statt
490 2276 625 2309 parma
644 2267 679 2308 (ξ
698 2267 752 2310 14)
774 2265 846 2299 den
857 2265 941 2299 Rei-

198 2312 282 2346 tern
301 2312 493 2356 beigelegt
512 2312 615 2346 wird.

245 2383 419 2416 superque
467 2371 669 2416 delapsum]
722 2382 830 2415 super
872 2370 943 2404 mit

199 2418 320 2452 einem
357 2418 522 2452 Verbum
554 2418 619 2452 der
650 2417 865 2462 Bewegung
896 2435 940 2447 =

201 2464 282 2498 ‘auf
303 2465 403 2508 ihn’,
434 2465 509 2509 vgl.
537 2465 570 2507 8,
599 2470 630 2507 9,
658 2469 678 2499 5
703 2476 810 2509 super
835 2466 943 2500 telum

198 2513 395 2547 subiectum
414 2513 572 2556 pedibus
596 2514 726 2547 stabat.

245 2582 288 2605 eac
302 2582 389 2616 equo
403 2571 564 2616 desiluit]
587 2570 656 2604 wie
672 2570 766 2604 auch
786 2582 835 2605 ecc
854 2581 942 2615 equo

197 2618 416 2652 descendere
437 2617 617 2652 stehende
638 2617 783 2652 Formel
803 2617 863 2651 ist.

247 2680 300 2710 15.
331 2676 449 2721 arma]
479 2675 607 2709 Schild
632 2676 707 2709 und
735 2676 849 2720 Speer
875 2676 940 2709 des

197 2721 346 2764 Badius,
361 2733 470 2756 wenn
484 2723 578 2757 auch
591 2723 726 2757 vorher
734 2735 803 2756 nur
807 2734 942 2767 parma

198 2773 303 2812 atque
334 2781 420 2814 equo
450 2771 574 2804 relicto
602 2771 735 2814 gesagt
761 2769 820 2803 ist.
871 2769 940 2803 Die

199 2820 347 2850 crueuld
378 2818 498 2860 cuspis
529 2816 578 2850 ist
611 2817 670 2850 die
706 2817 770 2850 des
805 2815 939 2860 Crispi-

198 2872 276 2895 nus,

1066 1783 1264 1828 ostemsms]
1295 1782 1379 1816 ‘mit
1400 1782 1500 1816 Stolz
1526 1782 1601 1816 und
1625 1782 1763 1817 Selbst-

1018 1829 1176 1874 geffihl'.

1066 1878 1239 1912 laudatus
1265 1906 1272 1912 .
1295 1905 1301 1911 .
1329 1877 1500 1922 donatus]
1527 1876 1654 1921 haufig
1683 1888 1763 1911 ver-

1018 1924 1189 1958 bundene
1204 1924 1337 1966 Verba,
1352 1935 1460 1958 Wenn
1475 1924 1691 1968 Jemandem
1705 1923 1763 1957 fiir

1018 1971 1099 2005 eine
1130 1971 1316 2006 treffliche
1341 1971 1523 2015 Leistung
1554 1970 1644 2004 oder
1674 1970 1762 2004 Auf-

1017 2018 1179 2063 fflhrung
1205 2029 1279 2052 von
1305 2018 1432 2052 Seiten
1458 2018 1523 2052 des
1543 2017 1762 2062 Vorgesetz-

1017 2066 1081 2099 ten
1118 2065 1395 2110 Anerkennung
1429 2065 1505 2099 und
1539 2064 1763 2109 Belohnung

1017 2124 1060 2145 zu
1086 2112 1194 2146 Theil
1227 2112 1336 2154 wir-[13
1371 2123 1411 2146 so
1443 2112 1509 2154 39,
1538 2116 1598 2155 31,
1628 2116 1669 2146 17
1690 2122 1762 2156 pro

1016 2161 1180 2194 eoutioue
1219 2160 1362 2194 laudati
1399 2160 1593 2203 donatique
1628 2160 1761 2202 equites

1010 2207 1174 2250 phaleris
1194 2207 1269 2239 und
1290 2207 1395 2240 sonst
1415 2205 1480 2240 oft.
1511 2205 1594 2249 vgl.
1616 2217 1659 2238 zu
1679 2210 1710 2246 8,
1728 2210 1758 2240 6.

1065 2253 1126 2288 19.
1178 2252 1459 2296 Niederlage
1492 2251 1569 2285 des
1605 2251 1760 2286 Cente-

1015 2311 1125 2332 nius.

1064 2347 1122 2388 19,
1146 2350 1175 2380 1.
1203 2357 1246 2381 eoe
1266 2357 1354 2392 affro
1370 2346 1639 2391 Beneventano]
1660 2345 1759 2380 Han-

1015 2393 1117 2426 nibal
1135 2393 1251 2436 hatte,
1272 2404 1335 2426 um
1348 2392 1460 2427 Hfilfe
1480 2392 1650 2437 gebeten,
1666 2397 1758 2428 2000

1015 2440 1142 2474 Reiter
1160 2440 1255 2474 nach
1278 2440 1404 2485 Capua
1422 2439 1618 2484 geschickt
1637 2441 1707 2483 (15,
1723 2441 1757 2484 3)

1015 2487 1089 2521 und
1116 2499 1192 2521 war
1218 2487 1318 2521 daun
1350 2487 1467 2521 selbst
1491 2486 1757 2530 nachgerfickt.

1062 2536 1166 2569 tertio
1194 2539 1279 2578 post
1312 2535 1370 2569 die
1404 2545 1511 2579 quam
1545 2533 1655 2578 veuit]
1696 2544 1757 2577 ge·

1015 2581 1244 2615 Wohnlicher
1274 2581 1326 2615 ist
1356 2581 1395 2615 in
1427 2581 1573 2615 solcher
1602 2579 1757 2613 Verbin-

1015 2628 1116 2672 dung
1147 2628 1241 2662 auch
1277 2628 1337 2662 bei
1369 2627 1409 2661 L.
1444 2628 1508 2661 das
1540 2627 1756 2670 Plusquam-

1013 2675 1117 2719 perf„
1143 2675 1214 2709 wie
1241 2679 1297 2718 31,
1324 2679 1378 2709 14.
1415 2679 1471 2717 36,
1500 2678 1553 2708 14.

1062 2726 1092 2756 5.
1118 2723 1327 2766 reductique
1352 2720 1604 2766 discesserunt]
1632 2736 1676 2748 =
1701 2731 1754 2755 re-

1013 2769 1115 2803 ducti
1138 2774 1223 2803 suut
1254 2773 1286 2803 et
1317 2769 1572 2810 discesseruut;
1604 2766 1756 2811 Subject

1012 2817 1155 2860 utrique
1181 2818 1259 2860 (aus
1279 2816 1470 2859 utrimque)
1497 2825 1540 2846 zu
1561 2817 1753 2857 erganzen.

1060 2864 1106 2897 ub
1131 2863 1324 2907 Romanis]
1353 2873 1379 2895 s.
1407 2872 1449 2894 zu
1477 2864 1531 2904 15,
1560 2865 1613 2895 13.
