1882 3163
657 118 802 154 LIBER
826 118 938 154 XXV
980 117 1082 153 CAP.
1112 122 1165 153 16.
1645 116 1699 157 37

132 136 159 156 8.
182 130 248 156 Chr.
270 138 298 156 n.
319 131 380 156 212

133 232 234 259 rens
265 232 404 273 neque
434 217 618 259 transire
644 217 737 271 ipse
761 230 899 270 neque
925 215 1096 256 trahere
1123 214 1176 256 ad
1202 214 1485 256 defectionem
1503 212 1702 255 Lucanos

135 277 240 319 satis
273 277 439 331 habuit,
468 276 552 317 nisi
577 275 851 329 imperatoris
877 277 921 315 et
946 274 1137 316 eiusdem
1161 273 1350 328 hospitis
1376 273 1535 327 proditi
1560 272 1702 327 capite

135 351 184 377 ac
217 336 426 391 sanguine
457 334 607 377 foedus
639 348 736 376 cum
767 333 966 375 hostibus
1001 333 1227 374 sanxisset.
1277 333 1330 374 ad
1352 331 1598 387 Magonem,
1629 330 1702 386 qui

133 396 180 436 in
211 394 395 437 Bruttiis
426 396 639 449 praeerat,
672 393 782 434 clam
814 392 860 433 in
899 392 1161 446 colloquium
1202 392 1320 432 venit
1358 392 1526 446 fideque
1565 391 1619 432 ab
1651 405 1702 432 eo

135 457 321 520 accepta,
354 454 390 495 si
421 453 666 495 Romanum
698 451 749 493 iis
781 451 1086 505 imperatorem
1118 451 1382 503 tradidisset,
1413 450 1572 492 liberos
1606 464 1703 491 cum

136 513 240 554 31113
263 513 430 568 legibus
468 514 671 553 venturos
709 511 755 551 in
793 509 1026 551 amicitiam
1063 508 1257 551 Lucanos
1303 483 1472 551 deducit
1509 509 1704 551 Poenum

134 572 181 613 in
212 573 353 614 locum
385 575 626 625 anstcstmm
659 584 702 612 eo
733 583 824 611 eum
855 569 1002 623 paucis
1029 567 1274 610 Gracchum
1308 568 1589 610 adducturum
1623 567 1702 609 ait:

134 631 265 686 Mago
298 631 360 672 ibi
390 631 556 685 pedites
589 629 837 684 equitesque
870 630 1059 670 armatos
1087 652 1142 658 —
1170 630 1213 669 et
1238 642 1389 681 capere
1417 642 1488 669 eas
1513 627 1703 669 latebras

134 691 358 745 ingentem
395 703 619 731 numerum
660 713 716 717 —-
758 688 981 729 occuleret.
1049 688 1143 729 loco
1186 687 1292 728 satis
1337 687 1531 741 inspecto
1576 689 1703 741 atque

135 749 322 804 undique
355 749 576 803 explorato
610 747 699 789 (1103
732 747 970 801 composita
1002 747 1215 801 gerendae
1246 746 1309 788 rei
1337 749 1412 786 est.
1462 745 1623 787 Flavus
1650 744 1704 786 ad

135 807 379 850 Romanum
411 808 715 861 imperatorem
747 806 875 847 venit.
936 820 1028 847 rem
1060 820 1104 847 se
1138 806 1200 847 ait
1230 819 1434 860 magnam
1465 804 1704 859 incohasse,

137 868 189 908 ad
223 882 352 922 quam
383 866 718 921 perficiendam
707 866 843 919 ipsius
864 864 1047 906 Gracchi
1068 879 1198 919 opera
1224 879 1332 918 opus
1358 878 1462 905 esse.
1514 863 1705 905 omnium

135 927 393 981 populorum
424 925 707 981 praetoribus,
740 925 814 990 qui
847 924 899 965 ad
919 924 1149 966 Poenum
1138 939 1183 965 m
1207 924 1282 966 illo
1310 923 1527 965 communi
1552 922 1704 963 Italiae

134 988 254 1027 motu
287 985 540 1038 descissent,
571 984 857 1039 persuasisse,
894 986 944 1024 ut
975 983 1163 1024 redirent
1200 983 1244 1024 in
1277 982 1515 1024 amicitiam
1547 980 1705 1023 Roma-

135 1059 302 1099 norum,
335 1044 505 1099 quando
538 1058 606 1085 res
640 1058 807 1098 quoque
833 1042 1042 1093 Romana,
1074 1057 1182 1097 quae
1214 1056 1348 1096 prope
1376 1041 1552 1082 exitium
1585 1040 1704 1082 clade

137 1102 353 1146 Cannensi
383 1103 587 1157 venisset,
619 1103 665 1143 in
697 1102 786 1143 dies
818 1102 970 1143 melior
1008 1104 1135 1156 atque
1175 1101 1339 1143 auctior
1369 1101 1508 1154 fieret,
1539 1099 1705 1141 Hanni-

136 1163 247 1204 balis
280 1163 345 1204 vis
379 1164 619 1204 senesceret
650 1176 697 1203 ac
733 1175 866 1216 prope
905 1161 957 1202 ad
988 1161 1173 1202 nihilum
1210 1160 1410 1201 venisset.
1471 1159 1608 1201 veteri
1640 1158 1707 1199 de-

136 1222 238 1264 licto
269 1221 386 1263 haud
417 1221 689 1276 inplacabilis
721 1221 812 1262 fore
831 1219 1071 1262 Romanos:
1104 1220 1269 1261 nullam
1295 1233 1500 1273 umquam
1532 1220 1707 1273 gentem

136 1281 275 1336 magis
309 1281 569 1323 exorabilem
601 1279 995 1334 promptioremque
1026 1279 1176 1321 veniae
1208 1278 1374 1320 dandae
1406 1277 1554 1319 fuisse.
1604 1291 1706 1332 quo-

137 1341 248 1381 tiens
281 1340 506 1382 rebellioni
539 1339 669 1380 etiam
702 1339 915 1380 maiorum
948 1353 1123 1380 suorum
1148 1338 1364 1393 ignotum!
1399 1337 1505 1378 haec
1532 1336 1585 1377 ab
1614 1349 1705 1378 sese

139 1399 270 1453 dicta,
309 1402 499 1441 ceterum
532 1399 585 1440 ab
618 1398 712 1452 ipso
747 1397 939 1439 Graccho
979 1398 1126 1439 eadem
1157 1397 1264 1438 haec
1297 1396 1442 1437 audire
1473 1396 1601 1437 malle
1635 1409 1708 1437 eos

137 1432 459 1513 praesentisque
487 1458 735 1512 contingere
762 1457 956 1498 dextram
983 1460 1019 1498 et
1042 1456 1084 1497 id
1110 1456 1266 1511 pignus
1292 1455 1391 1496 fidei
1413 1469 1557 1496 secum
1583 1454 1706 1495 ferre.

138 1519 279 1559 locum
313 1532 357 1559 se
390 1517 570 1559 concilio
604 1517 657 1557 113
691 1515 850 1557 dixisse
885 1531 910 1557 a
942 1518 1174 1569 conspectu
1202 1518 1393 1556 amotum
1417 1514 1533 1555 haud
1558 1513 1707 1568 procul

139 1577 289 1618 castris
321 1576 547 1629 Romanis,
579 1576 639 1617 ibi
672 1575 818 1629 paucis
851 1575 993 1616 verbis
1019 1575 1203 1630 transigi
1229 1588 1319 1615 rem
1340 1588 1480 1628 posse,
1511 1575 1559 1614 ut
1580 1587 1706 1614 omne

138 1650 296 1677 nomen
326 1635 546 1677 Lucanum
584 1636 630 1675 in
666 1634 749 1675 fide
789 1649 836 1675 ac
876 1634 1081 1675 societate
1118 1633 1316 1675 Romana
1358 1633 1424 1675 sit.
1487 1631 1706 1674 Gracchus

139 1695 334 1736 fraudem
374 1698 416 1735 et
455 1694 641 1736 sermoni
679 1696 721 1734 et
758 1694 820 1734 rei
859 1693 1007 1734 abesse
1045 1695 1165 1734 ratus
1208 1707 1256 1734 ac
1299 1691 1578 1733 similitudine
1618 1690 1709 1732 veri

142 1798 419 1843 ‘Gelegenheit’
449 1798 650 1842 abhi'ingig,
678 1797 746 1830 wie
773 1797 808 1840 3,
829 1802 886 1840 46,
1009 1798 1150 1831 (acc-tior
1174 1796 1289 1842 fieret]
1311 1813 1355 1825 =
1377 1800 1568 1841 anyeretar
1590 1795 1710 1829 ‘mehr

140 1851 159 1880 2
190 1847 388 1891 inquietam
412 1846 588 1880 hominem
608 1846 722 1879 loc-am
742 1846 885 1879 seditio-

140 1896 200 1928 πίε
225 1905 394 1937 quaerere
418 1894 517 1927 (licit.

192 1957 221 1989 7.
257 1954 295 1986 in
320 1952 481 1986 Bruttiis
507 1951 693 1996 praeerat]
724 1961 889 1995 praees-se

143 1999 291 2033 absolut
306 2016 350 2028 =
368 1998 696 2033 ‘commandieren’
710 2013 717 2039 ;
738 1997 831 2031 eben
847 2008 886 2031 30

144 2051 198 2089 15,
227 2051 257 2081 9.
308 2046 413 2080 Α11011
435 2057 657 2090 praeponere
684 2044 758 2078 und
780 2056 886 2089 prae-

141 2096 245 2137 ficere
282 2093 431 2127 werden
476 2093 624 2127 absolut
668 2091 887 2136 gebraucht,

142 2154 169 2176 z.
198 2140 237 2174 Β.
266 2145 322 2183 22,
350 2145 381 2175 5.

190 2189 317 2223 liberos
343 2200 420 2222 cam
444 2188 520 2222 sais
542 2187 692 2233 Ieyibas]
721 2186 886 2220 (lieselbe

142 2235 388 2279 Abmachung
417 2239 448 2277 8,
476 2239 507 2270 8.

191 2283 450 2328 adducturam]
477 2282 613 2316 cbenso
635 2284 653 2323 ξ
676 2285 718 2316 10
735 2292 888 2325 persua—

142 2332 245 2372 sisse,
280 2333 341 2370 18,
368 2333 387 2363 8
408 2340 560 2373 parcere
586 2328 681 2362 ohne
707 2340 762 2372 se;
792 2340 818 2362 s.
846 2340 887 2361 zu

145 2381 199 2417 15,
228 2381 281 2411 20.

193 2440 223 2469 9.
251 2436 425 2480 gyeremlae
446 2436 512 2479 rei]
540 2434 664 2477 Dativ,
688 2434 757 2467 wie
779 2440 811 2476 3,
835 2439 888 2469 14.

193 2499 246 2527 11.
274 2495 434 2537 quaudo!
457 2493 492 2526 in
510 2493 677 2526 causaler
691 2493 777 2526 Bed.
800 2493 888 2526 hau-

143 2542 236 2585 figer
261 2540 331 2573 mit
356 2542 497 2585 quidem
518 2541 888 2583 zusammengesetzt,

146 2587 240 2621 (10011
270 2588 360 2621 eben
390 2598 429 2621 30
456 2592 512 2629 32,
540 2592 570 2621 2.

194 2647 345 2691 quoque]
368 2646 459 2679 liisst
475 2645 583 2678 vinen
599 2645 738 2678 andern
753 2646 889 2679 1101101·-

147 2693 430 2738 redungsgrund
459 2694 736 2726 vorausse‘tzen:
764 2693 811 2725 da
837 2692 890 2726 sio

144 2740 186 2784 ja
210 2740 422 2785 uberhaupt
441 2739 597 2773 unrvcht
617 2739 731 2773 daran
752 2739 889 2783 gethan

146 2788 288 2831 hatten,
302 2787 523 2828 abzufallen,
542 2786 615 2819 und
637 2798 712 2820 nun
735 2787 890 2820 ‘ausser-

149 2834 247 2867 dem'
270 2834 477 2868 Hannibals
494 2834 600 2868 Stern
622 2833 670 2867 1111
694 2833 889 2867 Ι<111111133011

147 2892 210 2915 sei.

961 1844 1151 1887 zunehme,
1178 1843 1374 1878 erstarke’.

1007 1892 1213 1936 senesceret]
1242 1903 1268 1925 3,
1296 1902 1339 1923 zu
1366 1895 1398 1933 7,
1426 1894 1480 1925 11.

1012 1942 1064 1972 12.
1092 1939 1217 1984 reteri]
1245 1938 1330 1972 (10111
1352 1937 1570 1980 ‘friiheren'‚
1596 1935 1707 1971 naml.

961 1987 1163 2029 dejectioni.
1215 1985 1316 2019 Statt
1347 1985 1411 2019 (103
1437 1983 1570 2018 Dativs
1602 1984 1708 2018 hatte

961 2032 1055 2066 auch
1083 2034 1131 2067 ad
1156 2037 1256 2067 vetus
1275 2033 1444 2067 delictam
1465 2032 1600 2076 gesagt
1618 2041 1708 2065 wer-

962 2080 1033 2114 den
1059 2080 1209 2114 konnen
1233 2079 1330 2113 nach
1355 2079 1396 2123 4,
1423 2083 1486 2122 42,
1513 2083 1552 2113 9:
1579 2079 1708 2123 placa-

962 2128 1032 2161 bile
1056 2129 1105 2162 ad
1130 2129 1246 2162 iustas
1265 2138 1390 2171 preces
1414 2127 1611 2172 «instoriam.

1004 2175 1277 2220 promptiorem]
1312 2174 1407 2207 auch
1438 2173 1534 2207 nach
1568 2172 1710 2207 diesem

961 2221 1045 2265 Adj,
1067 2222 1184 2256 findet
1203 2221 1283 2255 sich
1303 2221 1364 2255 bei
1383 2221 1462 2255 Liv.
1483 2220 1604 2255 neben
1624 2220 1708 2254 dem

962 2268 1045 2303 Dat.
1074 2269 1133 2303 die
1162 2268 1304 2303 Constr.
1331 2268 1402 2302 mit
1428 2270 1486 2303 ad.

1012 2321 1065 2351 13.
1107 2318 1144 2351 id
1170 2316 1324 2362 peyna-5]
1361 2315 1455 2349 ‘dies
1488 2315 1543 2348 als
1576 2315 1708 2348 L'nter-

962 2362 1114 2407 pfand’,
1159 2363 1322 2397 ni'unlich
1367 2363 1433 2396 das
1476 2362 1591 2395 durch
1637 2361 1709 2395 den

962 2410 1206 2455 Handschlag
1238 2410 1351 2443 ihnen
1383 2407 1708 2453 gewissemnassen

962 2458 1000 2491 in
1028 2457 1087 2491 (110
1114 2457 1224 2490 Hand
1256 2456 1446 2501 gegebene
1476 2455 1706 2489 Ehrenwort.

1012 2509 1065 2538 14.
1088 2505 1244 2549 transigi
1261 2515 1335 2538 ‘rem
1351 2504 1471 2548 posse]
1495 2503 1563 2536 ‘es’
1586 2502 1708 2536 konne

963 2551 1198 2595 abgemacht,
1225 2562 1267 2584 zu
1289 2550 1426 2584 Stande
1450 2549 1631 2594 gebracht
1650 2561 1707 2592 w.,

964 2598 1048 2631 dass
1071 2626 1077 2632 .
1102 2599 1137 2632 .'.

1015 2651 1066 2679 15.
1093 2647 1247 2679 sermoni
1267 2646 1401 2689 abesse]
1423 2644 1488 2677 (101
1502 2643 1584 2677 Dat.
1608 2643 1709 2677 steht

964 2692 1022 2725 bei
1051 2693 1169 2727 abesse
1194 2692 1232 2725 in
1260 2692 1325 2725 (101·
1344 2691 1432 2725 Βο(1.
1463 2691 1618 2725 ‘fehlen'
1648 2691 1707 2734 (=

964 2739 1138 2773 vermisst
1174 2739 1342 2782 werden)
1383 2738 1456 2771 und
1495 2737 1589 2771 ‘forn
1628 2736 1707 2771 30111

965 2786 1052 2829 (und
1079 2785 1272 2830 bleiben)',
1306 2798 1332 2819 Z.
1360 2786 1398 2819 B.
1430 2785 1466 2827 7,
1494 2789 1555 2827 37,
1584 2790 1603 2819 6
1629 2785 1707 2828 qui—

967 2834 1030 2867 bas·
1058 2835 1223 2867 calonum
1255 2834 1362 2867 turba
1395 2833 1518 2867 aberat
1545 2832 1617 2866 und
1647 2831 1707 2874 3⁴3,

968 2885 997 2923 7,
1027 2885 1043 2915 7
1072 2881 1165 2915 «bs-it
1193 2882 1294 2915 verbo
1319 2881 1472 2914 ravidi«.

1729 341 1748 372 7

1730 697 1749 727 9

1732 815 1775 845 10

1734 1050 1773 1079 11

1734 1345 1775 1375 13

1736 1522 1778 1552 14

1735 1640 1778 1670 15
