1882 3163
593 99 736 134 LIBER
762 99 872 134 XXV.
914 98 1013 134 CAP.
1041 102 1096 134 25.
1124 102 1179 133 26.
1615 95 1672 136 55

113 202 226 242 inter
265 200 371 241 haec
408 201 450 240 et
481 197 772 251 Philodemus,
814 210 908 238 cum
948 210 1043 250 spes
1076 194 1224 236 auxilii
1258 193 1378 235 nulla
1417 194 1546 243 esset,
1589 190 1671 233 fide
1700 203 1742 234 10

115 261 307 314 accepta,
348 261 397 300 ut
427 257 657 299 inviolatus
691 255 744 297 ad
775 254 994 310 Epicyden
1024 254 1201 307 rediret,
1241 252 1421 295 deducto
1457 250 1671 306 praesidio

114 318 292 361 tradidit
322 317 533 360 tumulum
564 314 782 357 Romanis.
844 314 1002 356 aversis
1036 313 1234 356 omnibus
1276 312 1329 353 ad
1360 311 1591 353 tumultum
1623 324 1674 351 ex
1701 321 1742 351 11

114 380 237 432 parte
270 379 418 431 captae
453 375 570 417 urbis
601 373 817 416 Bomilcar
848 375 1017 415 noctem
1056 387 1151 413 eam
1182 374 1352 425 nactus,
1385 385 1468 425 qua
1499 371 1675 425 propter

114 438 201 478 vim
232 435 503 490 tempestatis
536 437 647 476 stare
680 432 733 474 ad
765 446 968 474 ancoram
999 432 1044 472 in
1076 432 1164 473 salo
1185 430 1383 472 Romana
1409 429 1558 471 classis
1584 443 1674 471 non

114 498 271 551 posset,
304 510 399 537 cum
431 494 610 549 triginta
636 492 820 547 quinque
846 491 1027 532 navibus
1056 505 1106 532 ex
1132 492 1259 545 portu
1279 488 1549 543 Syracusano
1576 503 1675 543 pro·
1702 500 1744 531 12

114 555 252 596 fectus
284 555 419 596 libero
451 552 559 594 mari
583 551 680 593 vela
705 551 752 592 in
778 551 912 591 altum
939 549 1055 591 dedit
1081 549 1265 604 quinque
1291 551 1335 590 et
1361 547 1676 603 quinquaginta

115 614 295 656 navibus
333 611 548 668 Epicydae
588 613 631 652 et
669 609 950 665 Syracusanis
987 608 1166 662 relictis3
1213 607 1456 662 edoctisque
1496 604 1675 648 Cartha·
1704 619 1746 649 13

116 673 399 729 giniensibus,
437 674 482 713 in
524 671 684 725 quanto
721 683 788 710 res
823 667 1094 723 Syracusana
1136 666 1379 708 discrimine
1412 668 1541 716 esset,
1581 680 1676 707 cum

116 734 287 773 centum
324 731 503 773 navibus
542 731 643 784 post
679 742 836 783 paucos
875 728 963 770 dies
1002 727 1130 777 redit,
1162 725 1330 780 multis,
1372 727 1420 767 ut
1450 724 1567 766 fama
1600 727 1676 779 est,

118 791 242 834 donis
274 805 324 832 ex
355 789 555 831 Hieronis
589 802 695 844 gaza
727 788 780 829 ab
812 787 1004 842 Epicyde
1037 787 1232 828 donatus.

232 849 458 891 Marcellus
496 848 685 902 Euryalo
723 849 893 901 recepto
931 845 1228 901 praesidioque
1266 843 1410 885 addito
1453 857 1537 884 una
1574 857 1674 885 cura
1691 844 1747 887 26

117 911 210 951 erat
240 908 360 962 liber,
391 922 444 949 ne
477 922 560 962 qua
594 907 646 948 ab
678 909 801 961 tergo
844 906 907 947 vis
938 905 1129 948 hostium
1160 905 1206 945 in
1237 917 1377 945 arcem
1409 904 1583 956 accepta
1615 903 1675 943 in-

116 969 258 1011 clusos
290 967 590 1022 inpeditosque
622 966 845 1008 moenibus
878 979 977 1007 suos
1003 964 1208 1006 turbaret.
1259 962 1551 1004 Achradinam
1576 961 1675 1003 inde
1703 973 1723 1004 2

116 1028 241 1069 trinis
267 1027 418 1069 castris
443 1040 519 1080 per
545 1025 699 1067 idonea
719 1024 939 1079 dispositis
966 1025 1060 1066 loca
1090 1037 1163 1078 spe
1191 1022 1243 1064 ad
1269 1021 1459 1075 inopiam
1486 1020 1676 1062 omnium

117 1101 260 1128 rerum
291 1086 476 1127 inclusos
508 1085 779 1126 redacturum
813 1083 1094 1126 circumsedit.
1157 1096 1252 1123 cum
1283 1095 1360 1135 per
1392 1080 1555 1135 aliquot
1586 1079 1676 1121 dies
1703 1091 1723 1122 3

119 1146 287 1201 quietae
325 1144 530 1186 stationes
569 1143 768 1197 utrinque
814 1143 1011 1197 fuissent,
1056 1144 1231 1195 repente
1269 1140 1477 1181 adventus
1515 1138 1678 1193 Hippo-

119 1205 247 1247 cratis
281 1206 322 1245 et
352 1203 624 1254 Himilconis,
655 1206 703 1244 ut
734 1203 846 1244 ultro
881 1202 1068 1257 undique
1101 1201 1451 1255 oppugnarentur
1481 1197 1678 1251 Romani,

118 1264 231 1306 fecit.
293 1278 393 1304 nam
433 1265 474 1304 et
505 1261 792 1317 Hippocrates
826 1261 976 1303 castris
1015 1261 1069 1302 ad
1106 1272 1312 1314 magnum
1349 1260 1522 1313 portum
1565 1271 1676 1299 com·
1704 1269 1726 1299 4

118 1323 296 1364 munitis
339 1322 548 1377 signoque
587 1322 639 1363 iis
678 1321 795 1375 dato,
837 1321 909 1376 qui
946 1319 1235 1361 Achradinam
1272 1318 1496 1371 tenebant,
1537 1319 1679 1358 castra

116 1385 260 1424 vetera
290 1381 582 1423 Romanorum
615 1380 789 1422 adortus
822 1382 905 1435 est,
945 1379 1099 1434 quibus
1132 1377 1354 1432 Crispinus
1387 1378 1602 1431 praeerat,
1636 1378 1679 1416 et

118 1441 333 1497 Epicydes
367 1441 635 1495 eruptionem
666 1440 710 1480 in
744 1440 951 1481 stationes
978 1438 1173 1480 Marcelli
1203 1437 1317 1491 fecit,
1350 1438 1393 1477 et
1424 1434 1573 1477 classis
1598 1434 1680 1476 Pu-

119 1501 216 1543 nica
246 1500 383 1553 litori,
415 1499 526 1555 quod
559 1499 670 1540 inter
702 1499 851 1540 urbem
885 1500 926 1540 et
958 1500 1099 1540 castra
1129 1497 1325 1539 Romana
1356 1497 1464 1548 erat,
1500 1494 1680 1548 adpulsa

120 1564 196 1614 est,
228 1574 280 1601 ne
313 1559 413 1614 quid
441 1558 641 1613 praesidii
667 1556 865 1612 Crispino
894 1557 1089 1599 submitti
1117 1571 1141 1597 a
1167 1555 1368 1597 Marcello
1401 1556 1558 1608 posset.
1613 1554 1679 1594 tu·
1704 1564 1725 1596 5

119 1619 302 1660 multum
342 1622 488 1659 tamen
526 1618 731 1659 maiorem
769 1617 915 1659 hostes
952 1616 1242 1670 praebuerunt
1282 1628 1410 1668 quam
1451 1615 1680 1654 certamen.

119 1693 221 1720 nam
248 1682 289 1719 et
310 1676 531 1731 Crispinus
552 1676 846 1731 Hippocraten
871 1690 960 1717 non
985 1675 1171 1729 reppulit
1196 1676 1365 1715 tantum
1387 1671 1679 1721 munimentis,

122 1737 195 1779 sed
214 1737 431 1778 insecutus
452 1736 581 1777 etiam
603 1738 667 1777 est
685 1736 848 1790 trepide
868 1735 1119 1790 fugientem,
1147 1736 1188 1775 et
1206 1732 1429 1787 Epicyden
1453 1730 1680 1772 Marcellus

121 1797 166 1837 in
193 1796 340 1837 urbem
367 1795 585 1849 compulit.
635 1795 824 1849 satisque
856 1794 942 1835 iam
968 1794 1097 1835 etiam
1129 1794 1172 1834 in
1203 1794 1423 1846 posterum
1455 1790 1681 1831 videbatur
1706 1801 1727 1832 6

121 1855 359 1910 provisum,
391 1869 444 1896 ne
477 1853 579 1908 quid
611 1854 664 1895 ab
697 1853 934 1907 repentinis
968 1867 1114 1894 eorum
1147 1850 1468 1893 excursionibus
1502 1847 1681 1903 periculi

120 1915 243 1956 foret.
299 1913 478 1955 accessit
510 1916 551 1954 et
583 1913 635 1954 ab
668 1913 918 1967 pestilentia
948 1926 1172 1954 commune
1204 1910 1378 1963 malum,
1411 1907 1524 1963 quod
1555 1907 1680 1948 facile
1707 1919 1729 1950 7

123 1976 398 2027 utrorumque
437 1973 601 2014 animos
644 1974 853 2013 averteret
891 1986 915 2012 a
952 1971 1052 2012 belli
1093 1969 1298 2012 consiliis.
1357 1982 1457 2009 nam
1488 1970 1681 2020 tempore

112 121 141 140 a.
161 113 227 140 Chr.
246 121 274 138 n.
294 112 356 137 212.

173 2118 225 2148 10.
252 2114 322 2156 fide
347 2117 492 2157 accepta
517 2112 571 2158 ut]
602 2111 799 2146 ‘nachdem
825 2122 864 2146 er

124 2159 183 2194 die
206 2159 472 2204 Zusicherung,
504 2159 568 2193 das
594 2158 863 2204 Zugesti'mdnis

124 2208 270 2253 erlangt
295 2207 416 2251 hatte,
444 2219 482 2241 er
509 2206 601 2241 solle
624 2235 630 2240 .
654 2207 689 2250 .'‚
716 2206 786 2242 wie
807 2210 863 2249 22,

124 2259 165 2289 11
185 2259 393 2300 potestatem
412 2256 529 2298 facere
547 2258 587 2289 ut
609 2282 615 2288 .
638 2269 662 2297 .;
689 2253 863 2299 gewohn-

123 2302 241 2336 licher
272 2302 322 2335 ist
354 2302 413 2336 die
445 2301 586 2336 Constr.
619 2301 688 2335 mit
719 2301 805 2335 Ace.
833 2312 862 2335 e.

123 2349 207 2390 inf.,
234 2349 303 2383 wie
332 2353 392 2392 16,
421 2354 459 2390 73
492 2349 566 2393 vgl.
595 2353 632 2391 8,
661 2352 691 2383 8.
725 2353 780 2391 23,
808 2352 839 2382 4.

175 2401 228 2430 11.
261 2397 409 2441 aversis]
437 2396 525 2429 kurz
551 2396 659 2430 statt:
690 2395 749 2429 die
776 2395 863 2429 Auf-

125 2442 391 2477 merksamkeit
411 2454 487 2476 war
500 2453 572 2476 von
586 2442 770 2476 Auderem
791 2442 842 2476 ab
852 2463 863 2468 -

125 2490 299 2535 gewandt
325 2490 398 2523 und
425 2501 516 2534 ganz
546 2489 629 2523 (lem
656 2488 866 2523 Getiimmel

936 2114 1038 2155 cepta
1062 2122 1105 2144 zu
1125 2108 1339 2151 verbinden,
1370 2106 1530 2141 sondern
1550 2116 1680 2151 wegen

937 2158 1057 2192 seiner
1078 2156 1248 2200 Stellung
1274 2166 1313 2190 so
1334 2154 1409 2189 viel
1435 2154 1490 2188 als
1517 2155 1562 2189 ab
1582 2157 1681 2199 terqo

936 2209 1080 2249 eoeorta;
1106 2216 1132 2238 s.
1160 2215 1202 2238 zu
1228 2207 1259 2246 9,
1287 2207 1318 2237 2.

983 2254 1037 2288 vis
1074 2251 1244 2296 hostium]
1286 2248 1510 2284 ‘feindliche
1550 2247 1680 2282 Streit-

937 2300 1096 2342 macht'3
1123 2298 1197 2343 vgl.
1221 2299 1253 2342 7,
1272 2301 1328 2341 25,
1343 2301 1363 2332 9
1389 2298 1422 2331 si
1441 2307 1513 2341 qua
1532 2299 1682 2330 externa

937 2349 991 2383 vis
1017 2349 1176 2393 ingyruat.

985 2411 1017 2441 2.
1049 2404 1296 2448 redacturum]
1325 2414 1351 2437 s,
1379 2413 1421 2435 zu
1450 2404 1503 2443 15,
1531 2404 1585 2434 20.

986 2469 1017 2499 4.
1051 2465 1206 2508 adpulsa
1227 2462 1291 2507 est]
1316 2461 1431 2505 ‘legte
1454 2459 1533 2493 sich
1550 2470 1597 2494 an
1616 2458 1683 2492 das

940 2511 1134 2553 Gestade';
1168 2509 1227 2543 (lie
1255 2507 1496 2543 Seesoldaten
1522 2505 1684 2540 nahmen

126 2550 143 2571 z
154 2550 175 2572 u
184 2536 368 2582 gewandt.

172 2585 231 2628 26,
248 2590 277 2619 1.
304 2584 457 2629 recepto]
474 2583 674 2627 allgemein
696 2583 750 2616 ‘in
765 2582 865 2617 scine

127 2631 273 2667 Gewalt
286 2631 536 2673 bekommen’3
557 2630 660 2664 nicht
682 2630 801 2664 sclten
816 2630 865 2664 im

126 2679 332 2724 Gegensatz
358 2690 400 2712 zu
425 2680 461 2713 τί
481 2682 625 2722 captus,
652 2690 678 2712 Z.
702 2678 740 2711 B.
764 2677 865 2711 Caes

124 2726 183 2761 BC
209 2726 243 2770 3,
272 2731 326 2769 12,
355 2731 371 2761 1
398 2730 534 2770 recepto
564 2726 689 2767 Orico,
719 2735 774 2758 wo
802 2724 867 2758 ‹ler

127 2773 395 2808 Commandant
413 2785 448 2808 se
467 2777 571 2817 atque
591 2773 760 2817 oppiclzmz
781 2772 865 2807 Cae-

126 2822 203 2856 sari
228 2822 375 2856 dedidit.

174 2869 218 2903 ab
245 2869 356 2914 temo]
384 2867 487 2901 nicht
514 2866 581 2901 mit
608 2867 645 2901 in
667 2877 780 2901 arcem
809 2877 866 2901 ac-

941 2558 1112 2601 Stellung
1138 2568 1196 2591 am
1222 2555 1359 2591 Laude.

989 2621 1019 2652 5.
1046 2617 1203 2662 reppulit
1222 2613 1470 2658 munimentis]
1498 2611 1567 2645 wie
1588 2611 1684 2645 auch

942 2665 1006 2698 (las
1053 2663 1217 2708 Simplex
1265 2661 1443 2695 zuweilen
1486 2659 1555 2693 mit
1598 2658 1684 2693 (lem

942 2712 1091 2746 blossen
1111 2710 1193 2745 Abl.
1217 2708 1439 2744 construiert
1464 2705 1567 2748 wird,
1594 2717 1621 2739 z,
1643 2706 1683 2740 B.

941 2759 1001 2802 44,
1017 2763 1072 2801 31,
1095 2763 1113 2793 7
1135 2769 1229 2792 vano
1246 2768 1326 2792 cum
1346 2757 1485 2800 incepto
1502 2753 1686 2788 moenibus

937 2807 1155 2851 pepulerunt
1184 2805 1377 2839 Romanos.

992 2869 1022 2899 7.
1050 2865 1094 2899 ab
1119 2862 1343 2910 pestilentia]
1372 2874 1398 2898 s.
1426 2872 1469 2896 zu
1495 2864 1550 2905 39,
1577 2864 1609 2895 9.
