1882 3163
123 117 149 135 a.
173 108 239 134 Chr.
261 117 290 134 n.
312 110 373 134 212.
610 99 753 133 LIBER
780 99 891 133 XXV.
933 98 1033 133 CAP.
1065 104 1118 134 12.
1148 104 1202 135 13.
1634 102 1689 142 29

123 195 283 250 patulis
316 195 477 250 epulati
509 197 627 250 sunt,
666 195 912 250 celeberque
955 195 1044 237 dies
1078 196 1196 238 omni
1229 197 1586 239 caerimoniarum
1619 212 1691 254 ge-

120 268 222 296 nere
254 255 348 296 fuit.

242 311 350 355 Cum
382 312 604 355 Hannibal
637 313 749 354 circa
781 311 1026 366 Tarentum,
1058 314 1255 355 consules
1287 315 1414 356 ambo
1448 315 1492 356 in
1512 314 1686 359 Samnio
1708 318 1760 358 13

123 375 280 426 essent,
312 372 384 413 sed
417 372 740 413 circumsessuri
767 369 960 425 Capuam
987 372 1246 426 viderentur,
1273 374 1387 427 quod
1413 375 1574 416 malum
1600 376 1691 418 diu-

121 432 275 472 turnae
308 431 544 472 obsidionis
577 444 668 472 esse
702 430 828 482 solet,
867 431 953 471 iam
991 430 1149 472 famem
1183 430 1395 486 Campani
1435 434 1691 490 sentiebant,

123 490 224 544 quia
256 492 491 530 sementem
523 489 662 530 facere
694 488 1008 542 prohibuerant
1040 503 1111 530 eos
1131 489 1317 531 Romani
1337 492 1560 534 exercitus.
1611 494 1691 535 ita-
1717 504 1736 534 2

121 562 201 602 que
239 548 407 603 legatos
447 548 500 589 ad
538 547 828 589 Hannibalem
870 548 1080 589 miserunt
1118 551 1309 603 orantes,
1347 552 1395 591 ut
1440 551 1690 607 priusquam

121 608 318 648 consules
350 608 395 648 in
428 620 556 661 agros
590 620 690 648 suos
723 606 953 647 educerent
985 607 1190 661 legiones,
1222 607 1398 663 viaeque
1433 624 1580 652 omnes
1614 612 1688 654 ho-

120 666 251 707 stium
289 666 516 720 praesidiis
548 665 854 719 insiderentur,
894 665 1157 706 frumentum
1198 680 1248 707 ex
1288 668 1540 723 propinquis
1582 670 1689 712 locis

119 725 298 766 convehi
325 725 488 766 iuberet
508 722 713 778 Capuam.
763 723 985 766 Hannibal
1012 723 1272 766 Hannonem
1305 740 1356 767 ex
1382 726 1565 769 Bruttiis
1593 744 1689 770 cum
1716 741 1735 771 3

120 784 308 825 exercitu
339 784 384 825 in
416 782 701 837 Campaniam
731 784 917 825 transire
955 786 997 825 et
1030 783 1130 825 dare
1173 798 1366 838 operam,
1405 788 1453 827 ut
1484 786 1690 830 frumenti

121 842 244 896 copia
275 842 398 884 fieret
418 841 662 896 Campanis,
694 843 832 884 iussit.
882 841 1042 884 Hanno
1070 858 1121 884 ex
1140 842 1322 885 Bruttiis
1349 844 1566 899 profectus
1593 861 1689 889 cum
1714 859 1735 889 4

123 901 312 942 exercitu
343 901 604 943 vitabundus
638 904 779 943 castra
811 901 1002 943 hostium
1027 902 1318 958 consulesque,
1350 904 1422 959 qui
1449 905 1494 945 in
1514 903 1689 948 Samnio

119 963 254 1014 erant,
287 975 384 1002 cum
415 959 662 1002 Benevento
695 961 783 1002 iam
816 961 1192 1015 adpropinquaret,
1223 962 1307 1003 tria
1339 963 1460 1005 milia
1483 978 1689 1017 passuum

122 1019 176 1060 ab
209 1019 304 1073 ipsa
335 1019 439 1060 urbe
472 1020 565 1061 loco
599 1019 714 1062 edito
748 1022 890 1061 castra
921 1020 1085 1075 posuit3
1116 1020 1215 1061 inde
1243 1035 1293 1062 ex
1321 1022 1449 1064 sociis
1477 1022 1590 1064 circa
1615 1039 1687 1078 po·
1715 1037 1734 1067 5

118 1078 246 1132 pulis,
278 1093 361 1133 quo
383 1081 546 1120 aestate
567 1081 884 1132 comportatum
906 1081 1009 1130 erat,
1030 1079 1177 1120 devehi
1199 1079 1462 1122 frumentum
1482 1081 1527 1122 in
1548 1086 1689 1124 castra

117 1137 244 1178 iussit
287 1137 512 1191 praesidiis
559 1137 689 1191 datis,
734 1152 841 1192 quae
886 1141 1149 1179 commeatus
1196 1153 1267 1180 eos
1312 1143 1686 1194 prosequerentur.

118 1194 312 1249 Capuam
343 1196 442 1237 inde
469 1196 669 1238 nuntium
695 1197 826 1251 misit,
858 1211 940 1251 qua
963 1196 1029 1238 die
1061 1197 1105 1238 in
1132 1197 1284 1239 castris
1313 1198 1365 1239 ad
1392 1199 1685 1253 accipiendum
1713 1214 1732 1244 6

116 1255 381 1296 frumentum
418 1258 592 1308 praesto
633 1258 777 1296 essent
815 1255 932 1297 omni
969 1256 1155 1310 undique
1197 1270 1350 1311 genere
1393 1258 1686 1301 vehiculorum

115 1314 487 1368 iumentorumque
532 1328 580 1355 ex
625 1314 740 1369 agris
784 1317 1018 1356 contracto.
1088 1315 1131 1356 id
1175 1330 1253 1369 pro
1300 1319 1442 1358 cetera
1487 1318 1685 1360 socordia
1714 1332 1731 1362 τ

115 1372 471 1427 neglegentiaque
513 1388 537 1414 a
577 1371 810 1426 Campanis
856 1376 1017 1414 actum:
1061 1374 1189 1427 paulo
1232 1375 1328 1429 plus
1369 1376 1685 1431 quadringenta

115 1431 312 1472 vehicula
344 1432 476 1473 missa
508 1434 551 1473 et
587 1446 725 1486 pauca
762 1435 982 1486 praeterea
1018 1432 1222 1474 iumenta.
1285 1434 1339 1475 ob
1377 1435 1419 1476 id
1460 1436 1684 1490 castigatis

117 1491 170 1531 ab
202 1489 434 1542 Hannone,
467 1491 579 1545 quod
617 1505 670 1532 ne
702 1490 835 1532 fames
875 1491 1063 1546 quidem,
1103 1506 1212 1546 quae
1251 1496 1393 1535 mutas
1435 1494 1684 1536 accenderet

165 1629 230 1673 13,
259 1633 395 1664 1—11.
446 1629 625 1663 Hannos
658 1629 861 1664 Vorkeh-
982 1634 1013 1665 4.
1048 1633 1270 1666 vitabundus
1296 1633 1431 1678 castra]
1459 1634 1684 1669 'vitabundus

115 1687 287 1721 rungen
331 1688 475 1721 gegen
519 1676 592 1711 die
631 1677 861 1721 Hungers-

115 1723 226 1758 noth
253 1723 290 1757 in
319 1723 479 1768 Capua.

165 1782 224 1824 13,
248 1787 276 1816 1.
305 1784 465 1817 consules
484 1783 603 1828 ambo]
626 1795 652 1817 s.
674 1788 707 1825 3,
731 1788 759 1817 1.
801 1782 860 1817 Sie

116 1829 274 1863 standen
311 1829 371 1863 bei
408 1829 632 1872 Bovianum;
672 1830 731 1864 ihr
768 1830 861 1864 Plan

115 1876 207 1921 ging
232 1875 298 1910 auf
321 1876 381 1910 die
407 1876 771 1921 XViedereroberung
796 1876 860 1911 Ca-

127 1935 220 1958 mas.

115 1936 129 1968 1
162 1971 256 2015 quod
281 1971 431 2016 malum]
460 1970 525 2005 der
550 1970 782 2005 Relativsatz
813 1970 861 2004 ist

115 2017 404 2061 vorangestellt,
442 2017 511 2051 wie
545 2022 563 2060 ἕ
597 2023 616 2052 5
651 2017 725 2051 und
757 2019 861 2052 sonst

116 2064 171 2099 oft
197 2064 247 2098 im
274 2064 546 2100 Lateinischen.

162 2124 360 2158 diuturnae
403 2124 616 2170 obsidionis]
663 2124 727 2158 der
770 2124 858 2158 Gen.

116 2170 253 2204 (lru'ckt
278 2170 338 2204 die
365 2170 645 2215 Veranlassung
671 2183 745 2205 aus.

163 2232 194 2263 2.
225 2229 383 2275 mantes]
411 2246 455 2258 =
482 2234 661 2273 oraturos,
689 2230 758 2264 wic
780 2230 858 2264 Liv.

115 2275 221 2310 nicht
259 2276 377 2310 selten
411 2276 476 2310 das
512 2276 609 2311 Part.
644 2277 765 2311 Pracs.
799 2277 859 2311 bei

115 2322 264 2356 Verben
296 2323 360 2356 der
392 2324 605 2367 Bewegung
643 2326 680 2359 in
719 2324 859 2359 diesem

117 2369 229 2403 Sinne
255 2369 470 2413 gebraucht,
505 2383 531 2405 Z.
554 2371 593 2405 B.
622 2372 680 2414 21,
709 2377 740 2414 6,
768 2378 787 2406 2
815 2373 858 2406 Ie-

114 2418 194 2462 9rrti
212 2416 363 2451 Romam
385 2418 486 2451 missi
505 2419 684 2452 (sterilium
706 2423 858 2453 orantes.

116 2463 182 2505 24,
209 2468 264 2504 29,
296 2468 310 2497 1
341 2465 449 2509 lequel
469 2466 697 2508 praesidium
718 2470 860 2500 oraoztes

115 2515 304 2551 venerum&
325 2510 393 2543 mit
415 2522 564 2544 unserer
582 2511 698 2546 stelle
720 2512 859 2555 gleich-

116 2557 269 2591 lautend
296 2557 346 2590 ist
372 2557 430 2599 24,
461 2561 513 2599 12,
536 2563 554 2592 2
583 2560 702 2603 itaque
729 2561 861 2604 (effatos

116 2606 164 2639 cul
185 2605 235 2640 H.
256 2609 385 2639 oratu
396 2616 424 2638 m
448 2606 632 2647 mis-erunt,
659 2610 699 2640 ut
721 2634 726 2640 .
751 2633 771 2647 .‚
799 2606 861 2639 da-

116 2663 236 2696 g‹⁷·gen
257 2656 318 2694 31,
341 2656 359 2685 2
387 2656 544 2687 oratores
569 2654 717 2687 mittunt
738 2657 859 2697 peten-

114 2700 172 2734 tis.

163 2761 195 2792 3.
229 2759 334 2802 copia
358 2758 471 2803 fieret]
500 2759 614 2792 alicui
641 2759 779 2802 copiam
804 2758 860 2801 fa-

116 2814 190 2839 cere
215 2805 373 2839 alicuius
397 2806 450 2840 rei
477 2804 595 2848 (Cau-1.
616 2804 677 2839 BG
700 2805 732 2847 1,
753 2808 809 2848 28,
826 2806 860 2848 3)

117 2867 161 2880 =
190 2850 288 2895 ‘jem.
317 2851 384 2885 mit
411 2854 524 2885 etwas
556 2853 762 2886 vcrsehen'.

933 1690 1003 1712 11111·
1028 1677 1108 1713 hier
1133 1678 1193 1712 bei
1214 1678 1293 1713 Liv.
1340 1679 1423 1713 Von
1449 1679 1578 1714 diesen
1597 1680 1681 1725 Adj.

935 1725 1002 1759 auf
1019 1726 1175 1768 buudus,
1202 1726 1344 1760 welche
1367 1726 1438 1761 den
1458 1726 1601 1771 Begriff
1618 1728 1682 1762 des

934 1772 1032 1806 Part.
1060 1772 1181 1807 Praes.
1202 1773 1284 1807 Act.
1307 1774 1495 1807 verstiirkt
1515 1774 1682 1809 bezeich—

934 1830 1016 1861 nen,
1038 1819 1162 1853 finden
1183 1819 1263 1853 sich
1283 1820 1343 1854 bei
1364 1820 1443 1855 Liv.
1465 1820 1574 1864 viele,
1597 1834 1624 1856 Z.
1641 1822 1680 1856 B.

934 1868 1252 1902 contionabundus
1271 1867 1319 1910 (3,
1341 1872 1397 1910 47,
1419 1869 1467 1912 2),
1494 1869 1681 1903 ‘mirabun-

934 1914 1002 1948 dus
1015 1915 1086 1957 (37,
1105 1915 1174 1958 12),
1195 1915 1435 1949 'moribundus
1449 1915 1522 1958 (⁴26,
1541 1920 1594 1958 15,
1613 1919 1680 1959 15),

928 1962 1217 2005 populabundus
1238 1964 1308 2004 (14,
1327 1963 1382 2006 11)
1405 1962 1480 1996 und
1501 1962 1596 1996 viele
1618 1974 1681 1997 an—

934 2007 1036 2042 dere:
1081 2008 1292 2042 si'unmtlich
1331 2020 1458 2043 ausser
1495 2011 1680 2045 contiona-

934 2055 1079 2089 bundus
1092 2067 1161 2089 nur
1175 2055 1323 2090 absolut
1338 2056 1555 2100 gebraucht.
1586 2057 1679 2092 Eine

934 2102 1060 2136 solche
1081 2102 1244 2147 Bilclung
1270 2103 1321 2137 ist
1346 2104 1441 2137 auch
1461 2115 1572 2138 unser
1594 2105 1680 2139 ‘Va-

933 2149 1111 2194 gabund’.

982 2202 1013 2230 5.
1043 2198 1150 2232 sociis
1170 2199 1266 2232 circa
1287 2199 1451 2244 populis]
1482 2210 1507 2233 s.
1531 2211 1573 2233 zu
1594 2205 1625 2243 9,
1646 2205 1678 2234 2.

983 2248 1012 2279 7.
1041 2246 1173 2290 cetera]
1198 2245 1299 2279 ihrer
1320 2246 1558 2290 ‘sonstigen',
1586 2247 1679 2281 auch

934 2290 972 2324 in
1004 2291 1076 2325 den
1101 2291 1258 2337 iibrigen
1284 2293 1568 2328 Vcrhilltnissen
1599 2294 1679 2329 her-

934 2338 1199 2373 vortretenden
1225 2342 1402 2375 socordia.

980 2390 1098 2419 mutas
1125 2387 1270 2432 bestias]
1304 2392 1443 2429 mutus,
1474 2387 1678 2431 eigentlich

933 2444 1001 2465 nur
1034 2432 1104 2467 den
1140 2432 1290 2477 Mangcl
1323 2433 1388 2467 der
1420 2434 1582 2478 Sprachc
1616 2435 1678 2469 be-

934 2478 1147 2521 zeichnend,
1176 2479 1280 2514 dicnt
1305 2480 1364 2514 boi
1386 2480 1546 2515 'l'hieren
1573 2482 1678 2516 iiber-

933 2524 1051 2570 haupt
1087 2537 1166 2559 zum
1199 2527 1395 2561 Ausdruck
1428 2528 1492 2561 ‹lcs
1522 2528 1676 2563 ‘Unver-

933 2571 1144 2615 nfinftigen’
1175 2575 1233 2616 (=
1260 2571 1418 2619 ἄλογος),
1446 2574 1515 2609 wie
1543 2575 1575 2619 7,
1603 2580 1635 2618 4,
1657 2582 1676 2611 6

934 2631 976 2653 ve
996 2624 1114 2654 mutus
1135 2622 1273 2664 quidem
1297 2623 1427 2656 bestias
1446 2623 1566 2656 minus·
1583 2624 1679 2658 alere

934 2677 978 2700 m·
1008 2668 1142 2710 fovere,
1169 2669 1201 2701 si
1226 2670 1314 2712 quid
1339 2680 1383 2703 en:
1411 2671 1586 2715 proficuis
1610 2682 1676 2705 sud

934 2714 1055 2747 minus
1076 2726 1290 2760 prosperum
1316 2717 1371 2750 sit.

975 2762 1146 2803 prode'ctd
1183 2763 1274 2807 dies]
1315 2763 1379 2796 (lor
1417 2762 1675 2805 gcwfflmliche

933 2806 1139 2849 Ausdruek,
1155 2809 1483 2853 wmmjcmundcm
1499 2810 1558 2844 cin
1575 2810 1676 2845 ‘wei-

932 2854 1044 2887 terer'
1073 2854 1220 2890 Termin
1244 2858 1386 2901 gesctzt
1413 2856 1514 2891 wird.
