1882 3163
649 125 794 159 LIBER
818 125 916 159 xxi.
967 124 1069 159 CAP.
1099 128 1153 159 18.
1625 125 1681 167 35

120 235 316 290 quaestio
344 239 472 289 atque
499 233 814 275 animadversio
841 233 884 274 in
912 233 1047 276 civem
1073 237 1272 275 nostrum
1298 237 1374 288 est,
1403 233 1504 288 quid
1529 235 1680 274 nostro

120 299 195 335 aut
222 309 298 336 suo
324 293 475 335 fecerit
495 292 695 347 arbitrio3
720 292 942 334 vobiscum
964 308 1048 334 una
1074 293 1330 347 disceptatio
1351 297 1428 347 est,
1455 291 1681 334 licueritne

119 368 194 406 per
225 353 376 395 foedus
409 352 513 393 fieri.

576 352 722 406 itaque
750 353 953 405 quoniam
981 353 1162 393 discerni
1190 353 1344 407 placet,
1378 352 1481 406 quid
1505 351 1678 406 publico
1700 360 1720 391 s

118 412 312 466 consilio,
345 411 447 466 quid
479 426 556 452 sua
588 415 743 465 sponte
775 410 1055 465 imperatores
1089 411 1268 465 faciant,
1300 411 1424 453 nobis
1457 411 1680 452 vobiscum

117 472 266 513 foedus
300 476 366 512 est
405 485 430 511 a
456 468 500 512 C.
533 469 712 511 Lutatio
752 470 925 511 consule
957 470 1104 523 ictum,
1137 471 1181 510 in
1213 485 1296 525 quo
1331 485 1426 511 cum
1459 474 1681 512 caveretur

118 536 397 584 utrorumque
429 529 574 583 sociis,
606 529 717 570 nihil
750 529 800 570 de
833 527 1087 583 Saguntinis
1115 553 1172 558 —
1198 529 1379 571 necdum
1414 530 1526 570 enim
1559 533 1681 571 erant

118 590 223 631 socii
260 589 394 631 vestri
435 613 490 618 —
530 593 702 630 cautum
748 592 825 630 est.

117 648 389 690 Hasdrubale
427 648 560 689 ictum
595 651 677 701 est,
717 646 946 703 Saguntini
986 648 1267 702 excipiuntur.

117 722 196 764 ego
234 707 344 749 nihil
382 707 574 748 dicturus
615 722 727 761 sum,
758 707 842 748 nisi
875 707 988 761 quod
1029 722 1053 748 a
1084 707 1208 748 vobis
1243 707 1381 748 didici.

888 592 933 629 at
978 589 1091 630 enim
1125 603 1174 630 eo
1206 588 1395 642 foedere,
1438 588 1551 643 quod
1583 603 1679 630 cum
1701 601 1720 630 9

1330 648 1533 689 adversus
1567 647 1679 702 quod

116 767 231 822 quod
271 765 316 809 C.
348 766 551 808 Lutatius
598 767 746 808 consul
791 766 929 821 primo
974 767 1199 808 nobiscum
1242 766 1394 808 foedus
1440 766 1532 820 icit,
1579 766 1678 820 quia

115 840 252 881 neque
267 840 317 867 ex
335 826 594 867 auctoritate
610 829 782 880 patrum
796 840 872 868 nec
894 826 1045 880 populi
1066 827 1186 867 iussu
1209 826 1344 867 ictum
1366 829 1471 880 erat,
1484 825 1677 879 negastis

116 899 191 927 vos
225 900 273 927 eo
307 884 463 926 teneri:
495 885 641 939 itaque
675 884 792 925 aliud
826 885 876 926 de
908 884 1079 939 integro
1111 885 1262 926 foedus
1295 885 1468 939 publico
1495 884 1677 926 consilio

115 946 248 986 ictum
281 951 356 986 est.

420 942 465 985 Si
499 958 573 985 vos
605 958 691 985 non
723 948 870 986 tenent
914 944 1088 986 foedera
1119 948 1264 986 vestra
1296 944 1380 985 nisi
1414 959 1463 985 ex
1496 944 1677 985 auctori·
1702 958 1742 987 11

116 1008 204 1045 tate
238 1009 312 1045 aut
344 1005 464 1044 iussu
492 1007 635 1044 vestro
669 1004 767 1057 icta,
798 1018 852 1045 ne
883 1018 962 1045 nos
995 1004 1167 1058 quidem
1196 1003 1483 1045 Hasdrubalis
1515 1003 1678 1056 foedus,

115 1063 227 1118 quod
247 1063 371 1104 nobis
392 1062 539 1104 insciis
560 1063 647 1115 icit,
674 1063 868 1117 obligare
889 1063 1044 1117 potuit.
1088 1063 1265 1118 proinde
1287 1063 1474 1104 omittite
1495 1061 1678 1118 Sagunti

115 1129 243 1177 atque
270 1122 420 1163 Hiberi
449 1122 711 1163 mentionem
744 1122 901 1176 facere,
941 1125 1001 1177 et,
1036 1123 1148 1177 quod
1181 1122 1252 1163 diu
1288 1122 1476 1177 parturit
1507 1122 1675 1163 animus
1700 1135 1741 1164 12

114 1188 272 1234 vester,
312 1181 545 1235 aliquando
585 1179 762 1236 pariat⁴‘.

823 1186 917 1222 tum
949 1181 1170 1223 Romanus
1210 1181 1305 1222 sinu
1346 1197 1396 1223 ex
1429 1185 1532 1236 toga
1563 1181 1677 1222 facto
1699 1195 1741 1225 13

112 1240 229 1294 „hic-⁴⁴
260 1240 401 1294 inquit
431 1240 577 1294 „vobis
610 1240 772 1281 bellum
814 1245 857 1282 et
893 1255 1041 1295 pacem
1075 1246 1315 1295 portamus:
1346 1249 1492 1282 utrum
1524 1240 1677 1295 placet,

114 1299 304 1341 sumite“.

111 1439 439 1479 Bescheidenheit,
473 1439 635 1474 welcher
668 1439 738 1474 mit
772 1440 857 1474 dem

112 1486 303 1521 &ewichte
330 1487 396 1522 der
422 1485 681 1531 Einwendung
705 1487 855 1522 kontra-

111 1533 248 1569 stieren
274 1535 356 1569 soll.
383 1534 443 1577 22,
471 1538 526 1577 59,
556 1539 608 1569 13.

159 1586 188 1616 7.
210 1583 298 1626 quid
313 1610 320 1617 .
336 1609 343 1616 .
360 1610 366 1616 .
381 1582 518 1628 fecerit]
541 1593 588 1616 an
607 1583 767 1626 quaestio
793 1593 854 1616 an-

110 1628 339 1664 schliessend.

156 1678 325 1721 arbitrio]
345 1676 439 1722 passt
463 1677 569 1711 mehr
588 1689 632 1710 zu
651 1688 728 1719 suo,
755 1677 853 1711 wah-

109 1724 200 1759 rend
250 1736 292 1758 zu
341 1729 463 1759 nostro
508 1724 566 1758 ein
601 1723 745 1768 Begriff
785 1724 854 1759 wie

110 1772 259 1807 consilio
284 1772 530 1806 vorschwebt.

151 1830 219 1863 per
243 1819 383 1876 foedus]
416 1816 654 1864 allgemein
668 1821 853 1863 vertrags-

109 1863 272 1910 gemass’,
316 1865 386 1900 mit
420 1866 627 1900 Rucksicht
672 1866 740 1900 auf
772 1877 852 1901 ver·

109 1912 308 1948 schiedene
328 1913 520 1957 Vertrage.

156 1964 187 1994 8.
214 1965 285 1995 utr.
313 1960 434 2005 sociis]
464 1960 559 1994 nach
587 1960 652 1994 der
677 1959 854 1995 fiblichen

108 2007 236 2049 Form,
288 2006 362 2041 dass
387 2006 448 2042 bei
475 2007 627 2042 solchen
646 2007 854 2051 Vertr'agen

108 2054 168 2089 die
212 2053 398 2099 σύμμαχοι
447 2054 512 2089 der
561 2054 853 2099 beiderseitigen

107 2102 255 2137 M'achte
283 2102 586 2146 eingeschlossen
612 2102 774 2137 wurden.

153 2150 304 2185 necdum
336 2149 482 2184 euthalt
513 2149 585 2184 den
610 2148 754 2193 Begriff
781 2160 852 2184 von

106 2198 268 2232 'nandum
291 2196 365 2230 und
386 2196 583 2231 verbindet
601 2196 770 2241 zugleich
791 2196 851 2232 die

107 2244 333 2279 Parenthese
364 2243 434 2278 mit
468 2243 552 2277 dem
587 2243 850 2289 Vorangehen-

107 2291 194 2334 den,
220 2308 254 2320 =
279 2292 388 2326 etiam
412 2292 583 2326 nondum.

153 2342 184 2374 9.
211 2339 460 2383 accipiuntur]
491 2338 656 2381 werden,
684 2339 851 2373 obschon

102 2385 259 2429 jenseits
305 2386 370 2421 des
413 2385 510 2419 Ebro
556 2386 765 2428 wohnhaft,
812 2386 851 2421 in

106 2433 207 2468 einer
232 2432 463 2467 besonderen
486 2433 848 2468 Ausnahmsbestim-

104 2492 219 2525 mung
244 2480 450 2524 geschtitzt,
480 2492 507 2514 c.
529 2484 560 2523 2,
587 2484 617 2514 7.

154 2532 207 2563 10.
233 2528 359 2570 foedus
378 2528 458 2573 icit]
480 2527 571 2561 wird
592 2527 673 2562 hier
691 2527 741 2571 L.,
764 2529 849 2562 wel-

105 2574 192 2609 cher
223 2577 327 2609 sonet
355 2586 424 2609 nur
449 2574 509 2609 die
535 2573 849 2619 Participialform

104 2623 198 2657 ictus
215 2622 424 2665 gebraucht
443 2622 518 2656 und
538 2622 598 2656 fiir
618 2622 754 2656 andere
766 2622 846 2657 Ver-

103 2669 310 2703 balformen
329 2670 455 2712 foedus
473 2670 603 2712 facere,
624 2670 745 2713 ferire,
764 2680 847 2704 som-

104 2717 191 2751 cire
227 2718 392 2762 iwnyere,
426 2717 522 2751 inire
558 2715 740 2759 vorzieht‚
781 2728 846 2751 aus

105 2762 225 2797 seiner
250 2761 379 2804 Quelle
407 2763 554 2798 Coelius
575 2764 702 2808 Antip.
728 2764 797 2808 frg.
825 2769 844 2799 6

105 2809 142 2844 P
175 2812 239 2854 qui
280 2822 360 2846 cum
403 2812 435 2845 is
470 2812 522 2845 ita
556 2812 684 2855 foedus
718 2812 845 2855 mistis,

104 2860 342 2892 entnommen
368 2858 501 2893 haben.
528 2858 563 2900 2,
590 2863 646 2900 33,
672 2863 692 2892 4
719 2859 845 2901 foedus

105 2905 224 2939 ictum.
251 2906 300 2940 ad
319 2906 358 2940 id
381 2906 583 2949 feriendum
604 2909 672 2940 etc.
701 2905 760 2948 4⁶2,
787 2910 843 2948 25,

368 1300 446 1341 sub
479 1299 590 1341 hanc
621 1313 769 1341 vocem
801 1300 914 1340 haud
948 1300 1089 1342 minus
1122 1299 1334 1355 ferociter,
1368 1300 1501 1354 daret,
1532 1303 1676 1341 utrum
1700 1312 1742 1343 14

932 1445 975 1475 10
1005 1452 1057 1484 sq.
1093 1441 1219 1483 foedus
1244 1442 1374 1483 ictum,
1405 1441 1539 1484 facere,
1566 1440 1676 1483 fieret,

928 1488 1138 1531 faciendum
1163 1488 1223 1532 31,
1251 1493 1282 1531 2,
1313 1494 1366 1523 11.

980 1540 996 1570 1
1004 1541 1032 1570 1.
1045 1547 1088 1570 ex
1097 1536 1326 1581 auctoritate]
1340 1534 1504 1570 n'amlich
1517 1540 1675 1578 senatus,

930 1583 999 1618 wie
1020 1583 1086 1618 der
1098 1583 1420 1627 Zusammenhang
1434 1583 1543 1626 lehrt,
1565 1583 1674 1617 eben-

930 1642 969 1665 so
998 1631 1099 1665 iussu
1124 1635 1237 1666 vestro
1261 1649 1296 1660 =
1321 1632 1345 1666 i.
1367 1631 1508 1675 populi.

975 1678 1117 1723 insciis]
1146 1678 1194 1712 da
1225 1678 1285 1713 die
1311 1677 1492 1712 Barciden
1518 1677 1556 1712 in
1583 1677 1673 1722 Spa-

928 1725 1015 1759 nien
1040 1725 1091 1759 im
1117 1725 1369 1770 allgemeinen
1394 1737 1468 1760 von
1500 1725 1564 1759 der
1589 1725 1672 1759 kar-

927 1772 1150 1817 thagischen
1182 1773 1399 1818 Regierung
1431 1772 1674 1817 unabhangig

928 1831 1062 1863 waren,
1083 1820 1159 1854 und
1178 1820 1381 1855 besonders
1394 1819 1604 1854 Hasdrubal
1618 1819 1673 1853 als

928 1866 1207 1912 eigenmaohtig
1220 1867 1452 1912 geschildert
1466 1866 1569 1903 wird.
1603 1866 1673 1901 zur

926 1913 1196 1949 Konstruktion
1221 1915 1294 1959 vgl.
1317 1926 1345 1950 c.
1370 1919 1427 1957 12,
1446 1919 1478 1949 4.

977 1965 1029 1996 12.
1052 1963 1287 2006 parturit...
1296 1962 1440 2007 pariat]
1475 1961 1548 1997 Cic.
1576 1961 1669 1996 Phil.

927 2009 959 2050 2,
986 2013 1043 2052 46,
1073 2014 1154 2045 118:
1199 2014 1240 2044 ut
1273 2010 1473 2054 aliquando
1504 2010 1606 2044 dolor
1631 2021 1670 2054 p.

924 2056 970 2091 R.
993 2057 1131 2101 pariat,
1158 2058 1252 2100 quod
1277 2058 1352 2092 iam
1371 2058 1436 2092 diu
1456 2057 1633 2101 parturit.

976 2109 1028 2138 13.
1055 2104 1259 2149 Romanus]
1295 2102 1335 2146 Q.
1362 2103 1509 2140 Fabius.

971 2152 1073 2196 sinu]
1110 2150 1216 2186 nicht
1247 2152 1313 2187 der
1338 2151 1542 2195 bekannte,
1568 2153 1671 2188 sinus

924 2209 1020 2280 {3⁷13ssss
1021 2198 1374 2291 nssteeffiffilaffe?
1377 2199 1670 2282 631312531’831233

924 2293 1113 2338 Kleidung
1151 2294 1268 2329 fehlte
1316 2293 1486 2338 (Quintil.
1533 2294 1595 2337 11,
1636 2300 1668 2338 3,

926 2345 990 2375 137
1022 2342 1196 2376 veteribus
1222 2342 1318 2376 nulli
1343 2343 1482 2385 sinus),
1509 2342 1668 2376 sondern

923 2387 1060 2423 Fabius
1086 2387 1227 2423 bildete
1248 2388 1366 2423 durch
1385 2388 1583 2423 Aufheben
1603 2389 1667 2424 des

922 2434 980 2470 bis
1007 2446 1053 2470 an
1068 2436 1139 2469 den
1153 2435 1281 2470 Boden
1293 2435 1518 2471 reichendcn
1530 2435 1667 2481 Zipfels

923 2482 1029 2517 einen
1056 2482 1202 2517 Bausch
1236 2485 1275 2526 (s.
1306 2484 1428 2527 facto),
1468 2482 1544 2517 liess
1579 2483 1667 2517 aber

923 2530 1023 2563 dann
1037 2529 1238 2564 densolben
1252 2529 1392 2565 wieder
1404 2530 1520 2565 fallen
1540 2531 1665 2573 (effum-

922 2577 1027 2621 dere)
1043 2576 1169 2621 Polyb,
1180 2576 1329 2620 Diodor,
1341 2576 1489 2633 Appian
1498 2577 1663 2612 drficken

922 2623 1001 2658 dies
1022 2624 1138 2658 durch
1165 2625 1291 2666 δείξας
1316 2622 1380 2659 τὸν
1401 2622 1540 2659 κόλπον
1560 2624 1666 2659 nicht

921 2681 1042 2713 genau
1063 2683 1145 2713 aus,
1172 2671 1420 2729 bestimmter„
1424 2670 1496 2707 Dio
1516 2671 1588 2728 frg.
1608 2677 1662 2727 55,

924 2724 981 2752 10:
1010 2716 1073 2757 τὰς
1097 2731 1222 2774 χειρας
1245 2715 1317 2753 ὑπὸ
1339 2717 1379 2753 τὸ
1405 2716 1552 2776 ἴμίὶτιον
1572 2716 1662 2754 ὑπέ-

920 2768 1006 2811 βαλθ
1036 2765 1099 2799 καὶ
1132 2762 1316 2806 ὑπτιάσας
1343 2763 1458 2806 αὐτὰς
1485 2763 1559 2811 ἕφι
1588 2770 1660 2802 κτλ.

970 2816 1021 2846 14.
1042 2813 1124 2857 sub]
1161 2812 1401 2848 unmittelbar
1435 2813 1513 2857 auf,
1547 2815 1660 2855 nach;

919 2859 1014 2893 ohne
1048 2859 1176 2903 langes
1210 2859 1411 2902 Besinnen3
1445 2861 1504 2904 4⁶2,
1532 2867 1586 2904 23,
1617 2867 1661 2896 10

916 2907 981 2941 sub
1006 2907 1092 2942 haec
1118 2907 1234 2949 (licta;
1261 2920 1277 2941 c
1311 2913 1341 2950 2,
1372 2914 1401 2942 1.

1379 2967 1423 2986 υ*

1444 721 1520 748 vos
1553 708 1678 760 enim,
1704 718 1744 748 10
