1882 3163
155 106 180 125 a.
200 99 251 126 Ch.
271 101 332 127 215.

671 91 815 127 LIBER
840 91 970 128 XXIII.
1022 91 1124 127 CAP.
1151 96 1207 127 33.
1662 92 1717 133 69

153 199 432 255 Poenumque
465 202 560 241 orto
596 199 782 240 laetatus
821 202 929 253 erat,
973 200 1052 253 ita,
1095 201 1232 242 utrius
1273 201 1422 256 populi
1452 201 1603 242 mallet
1633 201 1718 243 vic-

153 259 309 300 toriam
347 273 458 313 esse,
502 258 675 300 incertis
718 257 856 299 adhuc
893 258 1076 312 viribus,
1120 259 1350 301 fluctuatus
1389 260 1531 302 animo
1563 259 1717 301 fuerat.

154 320 385 373 postquam
417 317 547 359 tertia
577 318 663 358 iam
689 330 834 371 pugna
859 317 987 358 tertia
1014 318 1194 359 victoria
1220 333 1317 360 cum
1346 319 1495 360 Poenis
1524 321 1629 372 erat,
1661 319 1715 360 ad
1735 330 1757 360 4

153 375 373 418 fortunam
399 376 626 418 inclinavit
643 376 897 430 legatosque
925 376 979 417 ad
998 375 1288 418 Hannibalem
1315 378 1448 431 misit3
1482 378 1555 433 qui
1579 379 1718 420 vitan-

153 439 218 477 tes
249 438 399 491 portus
429 434 738 476 Brundisinum
764 434 1143 489 Tarentinumque,
1177 436 1278 490 quia
1308 437 1512 478 custodiis
1542 437 1718 479 navium

154 494 446 537 Romanarum
477 493 754 547 tenebantur,
793 493 846 534 ad
879 493 1079 535 Laciniae
1110 494 1288 536 Iunonis
1320 496 1529 550 templum
1560 496 1604 537 in
1635 499 1718 537 ter-

153 568 247 594 ram
279 553 440 608 egressi
473 554 585 594 sunt.
634 552 736 593 inde
773 566 848 606 per
885 552 1089 607 Apuliam
1126 556 1323 607 petentes
1357 553 1548 608 Capuam
1580 555 1719 596 media
1739 566 1759 597 5

153 613 199 653 in
230 611 446 666 praesidia
477 610 673 652 Romana
704 611 829 652 inlati
856 614 956 652 sunt
988 610 1241 667 deductique
1275 613 1328 654 ad
1359 612 1581 655 Valerium
1613 614 1718 655 Lae-

152 671 298 711 vinum
329 673 571 724 praetorem
604 670 717 711 circa
755 669 979 711 Luceriam
1018 673 1159 712 castra
1196 671 1440 713 habentem.
1490 673 1551 714 ibi
1587 673 1716 714 intre·
1739 685 1759 715 6

151 729 249 783 pide
276 728 578 784 Xenophanes,
610 729 841 784 legationis
873 729 1083 784 princeps,
1117 745 1141 771 a
1173 729 1373 785 Philippo
1405 744 1507 785 rege
1540 746 1583 773 se
1617 732 1717 773 mis-

152 803 247 829 sum
286 788 346 829 ait
385 787 437 830 ad
476 787 712 830 amicitiam
753 788 1085 843 societatemque
1122 789 1384 843 iungendam
1424 804 1520 831 cum
1558 791 1717 844 populo

152 846 366 901 Roman03
399 847 603 888 mandata
635 846 794 888 habere
822 847 875 888 ad
902 848 1099 889 consules
1126 863 1175 890 ac
1202 851 1400 890 senatum
1426 850 1718 904 populumque

151 904 405 948 Romanum.
456 909 630 960 praetor
671 906 784 947 inter
822 906 1082 948 defectiones
1121 910 1315 949 veterum
1354 909 1568 950 sociorum
1606 920 1758 951 nova?

152 965 358 1006 societate
390 968 481 1006 tam
515 965 619 1006 clari
645 965 923 1020 regislaetus
952 965 1182 1008 admodum
1208 967 1354 1008 hostes
1374 982 1452 1022 pro
1472 968 1717 1022 hospitibus

153 1024 332 1065 comiter
364 1024 545 1078 accepit,
593 1024 683 1078 dat,
722 1024 795 1078 qui
826 1027 1160 1080 prosequantur,
1198 1026 1353 1067 itinera
1386 1040 1482 1067 cum
1514 1041 1615 1068 cura
1647 1026 1715 1067 (le-
1738 1038 1758 1069 8

152 1086 405 1135 monstrent,
439 1097 546 1138 quae
579 1083 675 1124 loca
708 1097 898 1137 quosque
932 1084 1067 1125 saltus
1104 1087 1178 1125 aut
1210 1085 1430 1126 Romanus
1465 1089 1539 1126 aut
1570 1086 1716 1127 hostes

151 1146 341 1183 teneant.
390 1141 678 1196 Xenophanes
721 1156 797 1196 per
840 1142 1055 1196 praesidia
1098 1142 1293 1185 Romana
1337 1144 1382 1185 in
1423 1143 1757 1199 Campaniam,9

152 1201 263 1255 inde,
290 1215 374 1255 qua
404 1202 646 1254 proximum
673 1200 767 1254 fuit,
799 1201 843 1241 in
870 1204 1011 1243 castra
1033 1201 1291 1244 Hannibalis
1318 1204 1527 1257 pervenit,
1552 1203 1717 1245 foedus-

152 1274 231 1313 que
265 1274 360 1301 cum
393 1274 441 1301 eo
475 1262 602 1314 atque
641 1260 877 1301 amicitiam
910 1260 1052 1316 iungit
1085 1262 1252 1315 legibus
1285 1262 1370 1303 his:
1409 1265 1458 1303 ut
1488 1262 1715 1317 Philippus
1733 1274 1775 1305 10

150 1333 224 1359 rex
257 1333 384 1373 quam
417 1318 605 1360 maxima
637 1319 771 1361 classe
804 1342 863 1349 —
895 1319 1099 1361 ducentas
1139 1323 1282 1363 autem
1323 1336 1453 1362 naves
1492 1321 1718 1363 videbatur

151 1377 378 1419 effecturus
415 1402 464 1406 —
499 1378 545 1418 in
577 1377 750 1419 Italiam
782 1378 985 1419 traiceret
1011 1382 1052 1420 et
1077 1382 1270 1421 vastaret
1294 1381 1556 1422 maritimam
1584 1395 1716 1431 oram,

151 1435 311 1477 bellum
345 1451 422 1490 pro
455 1439 576 1491 parte
616 1451 692 1478 sua
730 1440 846 1478 terra
885 1438 1078 1492 marique
1116 1441 1298 1493 gereret3
1339 1439 1413 1481 ubi
1452 1439 1714 1481 debellatum
1732 1451 1772 1482 11

152 1497 282 1549 esset,
326 1495 454 1537 Italia
499 1496 637 1537 omnis
680 1510 775 1537 cum
820 1496 916 1550 ipsa
959 1498 1064 1538 urbe
1111 1497 1250 1540 Roma
1292 1497 1716 1554 Carthaginiensium

150 1645 270 1683 sische
297 1646 543 1691 Anwendung
569 1647 632 1682 des
664 1647 897 1682 kollektiven

152 1692 361 1738 Singulars,
394 1694 475 1728 hier
505 1694 602 1729 nahe
628 1694 755 1738 gelegt
781 1695 896 1729 durch

153 1740 327 1783 Poenum,
342 1741 500 1776 welches
520 1741 634 1776 sofort
647 1752 696 1775 an
710 1741 896 1776 Hannibal

150 1787 313 1822 erinnert
339 1788 426 1832 (vgl.
451 1791 470 1829 ξ
492 1792 537 1831 8).

198 1847 345 1881 incertis
371 1847 453 1880 adh.
474 1846 522 1891 v.]
551 1847 704 1891 solange
723 1848 815 1881 fiber
835 1847 894 1882 die

152 1892 389 1927 Streitkriifte
410 1893 536 1927 beider
551 1893 690 1928 Volker
711 1893 807 1928 noch
822 1894 894 1928 Un-

149 1939 360 1984 gewissheit
398 1940 605 1984 herrschte,
646 1940 705 1974 die
740 1941 891 1982 fortuna

150 1989 183 2030 (§
210 1987 245 2030 4)
278 1987 372 2021 noch
411 1986 516 2021 nicht
554 1987 795 2022 entschieden
832 1988 898 2022 auf

151 2034 348 2078 punischer
375 2034 473 2069 Seite
501 2034 620 2070 stand.

197 2096 230 2127 4.
255 2092 400 2138 puyna]
430 2093 553 2127 Ablat.
582 2113 625 2118 —
653 2105 732 2128 cum
761 2093 895 2128 Poenis

149 2139 242 2184 erat]
281 2139 510 2174 rhetorische
550 2141 747 2185 Wendung
786 2143 830 2175 st.
870 2153 893 2176 α

152 2185 287 2221 Poenis
312 2190 497 2230 reportata
521 2191 609 2223 erat.
631 2208 677 2212 —
704 2189 753 2223 acl
777 2189 892 2231 fortu-

147 2244 233 2267 nam
270 2234 373 2279 incl]
414 2235 518 2277 hutz,
553 2252 596 2263 =
630 2236 678 2269 acl
715 2246 795 2269 eum
826 2246 893 2279 po-

141 2280 274 2324 pulum
323 2281 534 2323 inclinavit,
584 2283 632 2317 ad
674 2293 775 2326 quem
818 2284 891 2325 for—

147 2331 239 2362 tuna
270 2328 483 2362 inclinabat.
521 2349 564 2354 —
603 2329 782 2364 Laciniae
802 2331 891 2364 Iun.

146 2374 186 2418 t.]
226 2374 293 2408 auf
327 2375 410 2408 dem
437 2374 665 2421 Vorgebirge
698 2376 892 2411 Lacinium

147 2421 209 2455 bei
245 2421 393 2456 Croton.

195 2484 225 2514 5.
246 2491 312 2525 per
326 2480 519 2526 Apuliam]
545 2480 612 2516 Die
628 2481 794 2526 Angabe,
810 2482 890 2517 dass

148 2526 207 2561 die
241 2528 380 2562 maced.
410 2528 622 2562 Gesandten
657 2540 728 2563 von
754 2528 891 2564 Croton

148 2585 213 2608 aus
259 2574 374 2609 durch
411 2574 572 2619 Apulien
617 2587 659 2609 zu
703 2575 891 2610 Hannibal

146 2621 243 2655 nach
270 2620 397 2666 Capua
429 2622 559 2656 hatten
592 2621 714 2656 rciscn
743 2623 889 2666 wollcn,

147 2667 272 2713 klingt
316 2633 890 2710 zionderbar3wah1scheinlieh'

147 2725 271 2749 waren
298 2715 350 2750 sie
376 2716 464 2750 bald
497 2716 591 2750 nach
619 2716 683 2750 der
710 2716 891 2761 Landung

147 2760 185 2795 in
210 2762 399 2797 Lucanien
424 2774 496 2797 von
523 2766 612 2797 rom.
636 2763 811 2807 Truppen
838 2774 890 2797 ei-

148 2807 281 2852 griffen
307 2810 455 2844 worden
489 2810 564 2844 und
594 2819 713 2843 waren
746 2810 798 2844 sie
828 2822 889 2854 ge-

150 2866 341 2900 zwungen,
368 2856 474 2891 einen
500 2856 650 2892 solchen
671 2856 826 2903 Umweg
847 2869 889 2891 zu

970 1648 1136 1683 macheu.
1172 1669 1215 1673 ——
1252 1650 1350 1685 cirea
1388 1649 1599 1695 Luceriam]
1638 1649 1715 1696 vgl.

970 1694 1065 1740 Kap.
1093 1699 1156 1740 48,
1184 1700 1215 1732 3

1019 1758 1050 1788 6.
1083 1755 1278 1800 intrepide]
1312 1756 1429 1790 selten
1462 1768 1514 1797 u.‚
1546 1756 1616 1790 wie
1649 1757 1714 1791 das

969 1800 1147 1845 Adjektiv
1162 1803 1379 1846 intrepidus,
1393 1814 1459 1837 vor
1470 1803 1597 1838 Livius
1610 1803 1716 1837 nicht

970 1847 1193 1892 gebraucht;
1250 1849 1344 1884 auch
1390 1851 1555 1894 trepidus
1599 1850 1715 1885 findet

968 1895 1045 1929 sich
1073 1895 1131 1929 bei
1160 1875 1286 1930 C’icero
1312 1909 1346 1931 u.
1378 1896 1491 1931 C'asar
1523 1897 1637 1933 nicht.

970 1942 1229 2022 gelizoplcanes]
1257 1942 1475 1988 Κλεομάχου
1501 1941 1695 1988 Ἀθηναῖος
1703 1970 1713 1988 ,

1001 1999 1020 2022 o

1017 2051 1046 2082 7.
1071 2046 1283 2095 admodum]
1307 2066 1350 2078 =
1371 2050 1486 2092 valde,
1506 2050 1634 2094 haufig
1652 2049 1714 2085 bei

968 2094 1108 2138 Cicero,
1131 2096 1184 2130 oft
1204 2096 1324 2130 einem
1344 2096 1428 2141 Adj.
1449 2097 1711 2141 nachgestellt.

968 2162 1010 2166 ——
1037 2142 1151 2177 hostes
1173 2154 1242 2187 pro
1268 2144 1382 2188 hosp]
1414 2144 1575 2179 beliebte
1602 2143 1712 2180 Paro—

966 2190 1152 2224 nomasie:
1185 2195 1248 2234 21,
1275 2194 1337 2234 24,
1365 2196 1386 2225 4
1417 2192 1590 2236 hospitem
1618 2193 1713 2227 enim

965 2247 1000 2271 se
1027 2237 1184 2280 Galliae,
1210 2249 1285 2273 non
1310 2240 1441 2273 hostem
1467 2240 1611 2273 adieni
1601 2250 1661 2275 ose.

1014 2310 1044 2341 8.
1073 2308 1153 2353 dat]
1178 2310 1252 2353 Asy
1255 2309 1391 2343 ndeton
1413 2309 1482 2344 mit
1495 2309 1711 2344 Voranstel-

964 2354 1055 2399 lung
1088 2356 1152 2389 des
1178 2355 1296 2390 Verbs
1330 2368 1364 2391 u
1397 2357 1519 2391 Praes.
1554 2356 1640 2391 hist.
1673 2357 1711 2390 in

965 2384 1052 2436 der0
1056 2401 1245 2437 lebhaften
1273 2402 1495 2448 Erzahlung.

1015 2464 1045 2495 9.
1076 2462 1257 2506 pervenit]
1289 2461 1598 2496 wahrscheinlich
1624 2461 1710 2495 Per-

964 2507 1045 2541 fekt
1064 2510 1160 2542 trotz
1177 2508 1240 2542 des
1261 2508 1558 2552 nachfolgenden
1577 2509 1708 2554 izcnyit.

1014 2581 1067 2611 10.
1101 2578 1246 2623 bellum]
1275 2577 1488 2622 Asyndeton
1515 2579 1709 2613 summati—

964 2636 1050 2657 vum
1084 2626 1126 2658 st.
1154 2625 1253 2666 „und
1286 2626 1540 2669 uberhaupt&
1569 2646 1609 2650 —
1638 2636 1710 2670 pro

959 2674 1066 2714 parte
1090 2672 1174 2716 sua]
1198 2688 1241 2700 =
1258 2683 1328 2715 pro
1354 2673 1505 2713 viribus,
1530 2689 1573 2701 =
1594 2684 1709 2717 quan-

964 2721 1039 2751 tum
1073 2719 1111 2752 in
1143 2729 1181 2753 eo
1214 2722 1319 2760 esse&
1351 2720 1424 2763 vgl.
1452 2723 1507 2761 24,
1536 2723 1592 2763 29,
1620 2724 1640 2754 6
1665 2731 1710 2755 ne

963 2765 1092 2799 deesset
1119 2776 1189 2809 pro
1220 2777 1258 2809 p.
1291 2777 1318 2800 s.
1352 2767 1567 2801 concitando
1600 2767 1708 2809 bello;

965 2811 1036 2845 Cic.
1063 2811 1148 2846 fam.
1174 2816 1228 2855 15,
1251 2817 1305 2856 15,
1326 2817 1345 2847 3
1373 2824 1434 2857 eqo
1455 2824 1526 2857 pro
1551 2825 1641 2857 mea,
1669 2818 1709 2849 tu

958 2869 1029 2903 pro
1056 2862 1132 2901 tua,
1156 2871 1224 2903 pro
1249 2871 1316 2894 sua
1343 2861 1491 2905 quisque
1511 2865 1627 2905 parte.
