1882 3163
126 159 154 177 a.
180 151 246 178 chr.
272 159 299 176 n.
326 151 387 176 214.
671 141 815 176 LIBER
840 141 990 176 XXIIII.
1019 140 1122 177 CAP.
1149 145 1207 176 24.
1631 141 1689 183 43

128 251 229 292 dum
261 250 391 305 regiis
425 249 648 304 stipendiis
682 250 831 304 pastus
864 249 1162 291 obversaretur
1193 251 1335 305 miles,
1368 251 1468 292 dum
1494 250 1547 292 ab
1573 249 1695 292 Han-

128 310 273 352 nibale
300 309 422 351 missi
448 309 575 350 duces
603 308 769 350 adsueti
794 308 1003 350 militibus
1029 309 1172 350 iuvare
1192 312 1369 364 possent
1389 311 1572 364 incepta,
1598 324 1694 352 cum

127 369 367 422 Themisto,
400 368 467 410 cui
499 367 673 409 Gelonis
706 367 794 408 filia
825 369 961 422 nupta
993 370 1103 422 erat,
1147 383 1236 410 rem
1269 370 1562 411 consociatam
1593 384 1695 424 pau-

127 443 198 471 cos
236 430 336 483 post
373 427 462 468 dies
495 427 692 468 Aristoni
731 426 897 468 cuidam
935 427 1101 481 tragico
1141 429 1290 481 actori,
1335 429 1401 470 cui
1440 430 1482 470 et
1513 429 1599 470 alia
1631 443 1694 470 ar-

127 502 234 529 cana
279 487 544 528 committere
590 485 806 539 adsuerat,
850 486 1021 527 incaute
1067 487 1215 540 aperit.
1277 487 1375 529 huic
1408 490 1450 529 et
1482 502 1616 543 genus
1650 491 1693 530 et

127 547 303 588 fortuna
340 546 522 587 honesta
561 547 700 599 erant,
737 559 814 587 nec
847 559 933 599 ars,
972 545 1073 600 quia
1104 546 1212 587 nihil
1243 546 1328 587 tale
1362 547 1474 601 apud
1506 545 1692 589 Graecos

127 605 282 660 pudori
315 606 397 659 est,
429 619 479 646 ea
512 603 791 645 deformabat.
853 604 998 658 itaque
1031 604 1156 646 fidem
1179 606 1364 658 priorem
1395 606 1693 661 potioremque

125 668 246 706 ratus
297 678 425 719 quam
469 663 634 717 patriae
683 663 883 717 debebat,
936 663 1141 705 indicium
1186 664 1238 706 ad
1281 669 1501 719 praetores
1546 665 1694 707 defert.

125 724 218 779 qui,
251 724 325 765 ubi
357 737 446 764 rem
478 722 594 763 haud
620 737 776 764 vanam
804 737 895 764 esse
922 723 1048 765 certis
1074 723 1243 765 indiciis
1271 727 1565 779 conpererunt,
1597 739 1692 766 con-

127 783 252 825 sultis
286 782 523 824 senioribus
556 784 599 823 et
630 782 887 823 auctoritate
919 796 1064 823 eorum
1092 783 1303 837 praesidio
1331 784 1384 824 ad
1410 784 1525 825 fores
1551 784 1692 838 posito

126 843 347 898 ingressos
374 841 536 882 curiam
557 841 826 882 Themistum
847 846 975 896 atque
997 842 1357 884 Andranodorum
1377 842 1694 884 interfecerunt.

125 904 168 943 et
201 916 297 942 cum
329 901 540 942 tumultus
574 901 626 941 ab
659 915 703 942 re
730 901 774 942 in
800 902 984 955 speciem
1012 902 1222 943 atrociore
1249 916 1423 943 causam
1451 902 1545 943 aliis
1571 902 1691 957 igno-

123 961 318 1002 rantibus
352 962 470 1001 ortus
504 962 635 1014 esset,
682 960 852 1002 silentio
886 960 1058 1001 tandem
1091 960 1204 1002 facto
1237 961 1422 1003 indicem
1454 962 1497 1003 in
1531 962 1693 1003 curiam

125 1020 467 1062 introduxerunt.
529 1019 602 1074 qui
640 1034 736 1061 cum
775 1019 921 1060 ordine
955 1020 1098 1061 omnia
1132 1020 1388 1075 edocuisset,
1431 1020 1692 1075 principium

123 1078 432 1122 coniurationis
464 1078 625 1120 factum
659 1078 711 1119 ab
744 1078 1007 1121 Harmoniae
1035 1079 1209 1121 Gelonis
1241 1080 1355 1121 filiae
1388 1080 1569 1134 nuptiis,
1601 1081 1691 1134 qui—

124 1139 204 1180 bus
226 1138 447 1179 Themisto
480 1138 626 1179 iuncta
658 1141 791 1191 esset,
824 1138 1030 1179 Afrorum
1049 1138 1428 1194 Hispanorumque
1461 1140 1690 1181 auxiliares

124 1198 359 1239 instructos
393 1197 446 1238 ad
479 1197 650 1238 caedem
682 1200 928 1251 praetorum
961 1197 1287 1253 principumque
1321 1199 1520 1251 aliorum,
1561 1199 1691 1241 bona·

124 1271 204 1311 que
243 1271 390 1298 eorum
430 1256 611 1310 praedae
650 1257 796 1298 futura
836 1257 1184 1298 interfectoribus
1216 1259 1561 1312 pronuntiatum,
1606 1259 1692 1299 iam

124 1315 516 1357 mercennariorum
554 1330 730 1356 manum
763 1315 982 1357 adsuetam
1014 1316 1203 1371 imperiis
1236 1317 1537 1359 Andranodori
1569 1332 1692 1372 para-

122 1378 213 1416 tam
257 1375 388 1416 fuisse
435 1373 488 1415 ad
530 1374 725 1416 Insulam
769 1390 914 1416 rursus
961 1376 1267 1431 occupandam,
1314 1376 1484 1431 singula
1529 1376 1692 1431 deinde,

124 1449 231 1489 quae
264 1448 339 1488 per
371 1448 563 1488 quosque
596 1436 841 1489 agerentur,
874 1437 1095 1489 totamque
1128 1435 1231 1476 viris
1265 1436 1479 1490 armisque
1511 1436 1691 1477 instruc-

122 1496 212 1534 tam
247 1493 585 1535 coniurationem
620 1496 719 1535 ante
752 1494 897 1535 oculos
929 1494 1085 1548 posuit.
1137 1498 1179 1536 et
1211 1495 1378 1536 senatui
1404 1495 1575 1550 quidem
1601 1498 1691 1536 tam

122 1645 202 1680 eine
248 1644 449 1690 gesetzlieh
487 1644 687 1690 geordnete
728 1645 869 1680 Staats-

122 1693 217 1728 form
243 1692 434 1738 gebracht.

166 1751 312 1796 pastus]
339 1751 391 1785 im
417 1751 556 1785 Munde
583 1752 648 1786 der
667 1751 871 1788 Damarata

123 1799 356 1834 verachtlich
383 1815 426 1827 =
455 1798 679 1842 ‘geffittert’.

169 1857 432 1903 obversaretur]
460 1869 486 1893 S.
513 1869 557 1891 zu
583 1862 639 1902 23,
667 1863 698 1893 6.

171 1922 201 1952 3.
229 1918 398 1961 fortuna]
429 1916 683 1961 ‘Vermogen’,
704 1918 871 1962 haufiger

125 1976 164 2000 so
190 1964 242 1999 im
269 1964 405 1999 Plural.

169 2023 332 2069 honesta]
359 2023 492 2067 gehort
519 2022 719 2067 eigentlich
741 2036 808 2058 nur
828 2036 871 2058 zu

120 2082 249 2116 glenus,
290 2071 385 2105 doch
417 2081 529 2114 sagen
561 2070 655 2104 auch
687 2070 754 2105 wir
785 2072 870 2114 (we—

122 2119 287 2163 nigstens
313 2118 363 2152 im
388 2116 677 2162 Gesprachston)
705 2118 763 2153 ein
792 2119 868 2153 ‘an-

121 2165 324 2210 standiges'
355 2165 396 2201 V.
425 2182 468 2193 =
495 2165 750 2200 ansehnliches
777 2166 820 2202 V.

169 2225 270 2269 apud
295 2224 466 2269 Graecos]
500 2224 559 2259 die
591 2224 726 2260 Romer
758 2225 867 2260 dach-

121 2274 186 2307 ten
212 2272 250 2306 in
276 2271 414 2306 diesem
442 2272 584 2306 Punkte
611 2272 753 2308 anders.

164 2332 271 2375 prior
301 2331 502 2375 potiorque]
540 2331 621 2366 sind
648 2331 703 2366 oft
728 2343 801 2366 von
826 2333 865 2366 L.

121 2378 502 2422 zusammengestellt,
535 2379 630 2413 auch
655 2379 707 2413 im
734 2380 867 2424 Super-

123 2425 225 2469 lativ,
254 2439 279 2459 s.
308 2424 372 2459 das
398 2425 561 2469 Beispiel
588 2438 631 2459 zu
659 2429 678 2467 ξ
705 2430 736 2461 2.

169 2489 202 2519 4.
227 2484 337 2529 fores]
367 2483 477 2519 naml.
505 2485 638 2519 curiae.

170 2547 203 2577 5.
241 2543 285 2577 ab
321 2543 372 2587 re]
422 2543 466 2576 ab
503 2543 635 2577 driickt
669 2543 740 2578 den
775 2544 867 2579 Aus-

121 2589 362 2637 gangspunkt
407 2591 508 2624 einer
547 2590 746 2635 Handlung
791 2602 866 2634 aus,

122 2640 192 2673 den
219 2637 419 2679 Umstand,
456 2637 493 2671 in
519 2637 633 2681 Folge
660 2638 787 2672 desscn
815 2640 866 2673 et-

121 2697 196 2720 was
229 2684 436 2729 geschicht:
476 2685 559 2718 sehr
591 2685 716 2729 hilufig
742 2685 802 2719 bei
828 2685 867 2719 L.

121 2746 148 2769 z.
176 2732 215 2766 B.
243 2735 306 2775 30,
336 2736 350 2766 1
385 2732 431 2766 ab
456 2732 517 2765 ira
542 2731 674 2775 (wofi'ir
699 2732 738 2766 L.
765 2733 870 2767 recht

122 2781 177 2816 oft
202 2780 243 2814 ob
269 2780 364 2814 iram
392 2780 500 2823 sagt),
530 2783 586 2822 31,
616 2783 656 2813 12
684 2791 707 2813 α
732 2780 867 2813 miseri—

121 2827 247 2862 cordia
285 2826 338 2861 ‘in
364 2826 479 2871 Folge
504 2826 773 2861 menschlicher
799 2826 866 2862 Re-

121 2875 237 2919 gung'
266 2874 341 2908 und
368 2876 481 2908 sonet.

168 2921 357 2965 atrociore]
382 2921 441 2955 die
463 2920 579 2955 Sache
601 2932 675 2955 war
696 2921 864 2955 schreck-

942 1646 1034 1689 lich,
1062 1646 1150 1681 aber
1176 1647 1372 1682 scheinbar
1397 1647 1492 1682 noch
1519 1647 1690 1683 schreck-

942 1693 1071 1738 licher,
1098 1694 1152 1728 als
1177 1693 1228 1729 sie
1255 1705 1293 1729 es
1320 1696 1428 1729 unter
1454 1695 1526 1729 den
1551 1695 1691 1730 obwal-

942 1741 1079 1776 tenden
1096 1741 1379 1776 Verbaltnissen
1406 1742 1577 1777 wirklich
1603 1754 1689 1777 war.

991 1816 1022 1846 8.
1067 1813 1158 1846 viris
1202 1813 1396 1858 armisque]
1445 1813 1529 1847 emit
1572 1813 1691 1848 voller

944 1858 1221 1903 Kriegsmacht,
1248 1861 1318 1894 mit
1338 1860 1436 1894 allen
1457 1859 1689 1894 Gewaltmit—

943 1906 1048 1941 teln’.
1081 1906 1149 1941 Die
1169 1907 1248 1941 hier
1266 1907 1511 1951 angewandte
1528 1907 1690 1942 Redens-

944 1955 1002 1987 art
1057 1954 1242 1988 erscheint
1301 1955 1395 1988 auch
1453 1955 1690 1998 asyndetisch

944 2000 1032 2045 (vgl.
1060 2005 1115 2044 21,
1145 2004 1219 2045 10),
1253 2002 1347 2036 doch
1374 2001 1433 2036 bei
1459 2002 1499 2036 L.
1525 2002 1598 2037 fast
1622 2001 1689 2036 im-

942 2059 1021 2081 mer
1047 2048 1276 2092 verbunden,
1310 2049 1375 2083 wie
1402 2048 1463 2092 ⁶33,
1490 2053 1547 2093 30,
1573 2054 1593 2084 6
1629 2061 1690 2084 αν-

942 2096 1009 2130 mis
1034 2096 1203 2140 virisque.
1253 2096 1313 2140 26,
1340 2101 1372 2138 4,
1399 2100 1419 2131 8
1446 2108 1551 2141 equos
1578 2098 1689 2132 viros-

942 2154 1018 2187 que.
1068 2142 1132 2186 24,
1161 2148 1223 2188 40,
1250 2148 1270 2177 3
1303 2145 1394 2178 viris
1426 2148 1532 2188 atque
1566 2146 1689 2179 armis.

942 2190 1214 2235 Dreigliederig
1250 2193 1334 2235 sagt
1361 2190 1434 2226 Cic.
1462 2193 1554 2227 stets
1584 2203 1689 2237 asyn-

941 2237 1083 2272 detisch
1110 2240 1233 2281 armis,
1253 2240 1364 2283 equis,
1382 2240 1484 2281 viris,
1511 2251 1690 2284 wogegen

941 2285 980 2319 L.
1020 2285 1085 2329 23,
1116 2289 1174 2328 15,
1218 2290 1259 2321 13
1296 2286 1371 2320 und
1403 2285 1470 2327 26,
1497 2290 1535 2330 5,
1563 2291 1583 2321 9
1615 2288 1689 2321 viri

940 2333 1021 2377 equi
1065 2345 1237 2377 armaque
1275 2335 1367 2378 sagt.
1431 2334 1535 2368 Nach
1567 2334 1690 2369 dieser

940 2380 1122 2425 Analogie
1142 2381 1309 2425 gebildet
1337 2381 1436 2415 lesen
1457 2380 1523 2414 wir
1544 2381 1603 2425 10,
1634 2385 1689 2424 16,

941 2432 961 2462 8
996 2428 1191 2462 emercitum
1224 2429 1442 2462 instructum
1478 2429 1590 2462 armis
1623 2429 1688 2462 sti-

934 2475 1070 2518 pendio
1114 2476 1258 2510 venisse.
1310 2475 1454 2509 ebenda
1490 2478 1509 2516 ξ
1547 2480 1566 2509 6
1603 2486 1689 2519 qens

941 2522 1214 2564 opulentissima
1240 2523 1363 2564 armis,
1388 2523 1489 2564 viris,
1515 2523 1688 2566 pecunia.

940 2568 1001 2611 30,
1031 2572 1084 2611 11,
1112 2573 1132 2602 4
1165 2580 1283 2613 equos,
1309 2581 1424 2611 arma,
1451 2570 1531 2604 tela.
1583 2569 1687 2604 Vier-

940 2615 1124 2660 gliederig
1158 2615 1217 2659 22,
1253 2620 1308 2659 39,
1338 2620 1378 2650 11
1418 2618 1546 2660 armis,
1586 2618 1688 2659 viris,

941 2663 1057 2705 equis,
1091 2664 1343 2698 comnmatibus
1367 2664 1517 2702 iuvant,·
1555 2664 1688 2699 anders

943 2710 977 2750 9,
999 2714 1029 2752 6,
1057 2715 1077 2743 6
1105 2722 1207 2744 arma
1230 2721 1346 2755 equos,
1371 2712 1579 2745 vestimenta
1599 2722 1688 2746 com-

942 2761 1078 2791 meatus
1104 2758 1281 2792 militibus
1306 2759 1463 2794 mittunt.

988 2829 1157 2873 quosque]
1202 2828 1251 2862 ist
1289 2829 1391 2863 nicht
1429 2841 1501 2864 von
1539 2841 1688 2876 qmsque

940 2874 1159 2909 abzuleiten.

987 2926 1016 2955 et
1047 2943 1087 2947 —
1115 2923 1271 2968 qitzdem]
1301 2936 1327 2957 s.
1355 2936 1398 2957 zu
1426 2929 1481 2968 ⁶33,
1510 2929 1539 2958 1.
