1882 3163
130 418 172 448 13
198 406 369 448 hostem
413 410 645 461 superaret.

127 762 183 804 49
199 765 403 817 gnantem
448 763 615 816 legatos
660 763 849 803 mittunt.

203 120 259 161 82
670 120 814 155 LIBER
839 121 989 155 XXIIII.
1016 120 1117 156 CAP.
1144 125 1199 156 48.
1226 125 1282 156 49.

1545 139 1571 158 a.
1596 140 1624 158 u.
1650 140 1674 159 c.
1698 135 1764 160 541.

134 240 178 270 12
203 243 303 270 vare
338 229 508 270 ordines
540 229 685 270 docuit
716 231 758 270 et
790 229 907 283 operi
941 229 1119 284 aliisque
1151 230 1278 271 iustis
1311 230 1570 272 militaribus
1602 232 1664 273 ita
1690 233 1763 274 ad-

204 287 398 342 suefecit,
441 290 490 329 ut
531 289 649 329 brevi
694 302 768 329 rex
808 302 897 330 non
935 289 1068 344 equiti
1106 290 1244 344 magis
1282 289 1431 330 fideret
1469 305 1596 345 quam
1629 292 1761 345 pediti

202 348 470 402 conlatisque
503 362 638 403 aequo
671 362 821 402 campo
856 348 990 403 signis
1021 349 1134 390 iusto
1166 348 1330 403 proelio
1358 347 1760 404 Carthaginiensem

718 406 923 448 Romanis
969 422 1134 462 quoque
1178 408 1224 449 in
1267 407 1478 462 Hispania
1520 409 1760 463 legatorum

199 466 312 521 regis
358 466 563 507 adventus
607 480 766 521 magno
811 467 1098 508 emolumento
1143 466 1245 508 fuit:
1289 482 1474 521 namque
1512 468 1565 508 ad
1603 468 1761 510 famam

200 539 346 566 eorum
378 525 657 567 transitiones
691 526 862 567 crebrae
895 526 947 567 ab
978 525 1176 567 Numidis
1209 529 1379 580 coeptae
1410 526 1512 568 fieri.

1572 527 1634 568 ita
1664 542 1761 569 cum

201 583 393 638 Syphace
425 584 633 626 Romanis
667 587 817 639 coepta
850 585 1037 626 amicitia
1070 588 1145 627 est.

319 643 440 692 Quod
471 644 545 685 ubi
577 643 950 699 Carthaginienses
984 646 1255 699 acceperunt,
1288 645 1502 698 extemplo
1535 645 1588 686 ad
1609 644 1760 687 Galam

198 703 242 744 in
281 706 401 757 parte
435 703 571 744 altera
602 702 831 744 Numidiae
863 728 918 732 —
951 703 1150 744 Maesulii
1182 718 1232 745 ea
1264 717 1369 758 gens
1400 706 1578 745 vocatur
1610 728 1663 733 --
1696 719 1761 746 re-

921 762 1056 803 filium
1100 762 1209 804 Gala
1253 762 1529 804 Masinissam
1573 762 1761 804 habebat

199 825 364 876 septem
406 821 550 863 decem
592 836 723 863 annos
764 824 932 874 natum,
975 824 1160 862 ceterum
1202 822 1395 863 iuvenem
1429 837 1477 862 ea
1508 822 1669 872 indole,
1712 825 1762 863 ut

198 880 284 921 iam
321 884 414 921 tum
452 884 679 935 appareret
716 880 854 921 maius
894 894 1073 935 regnum
1106 881 1448 935 opulentiusque,
1486 895 1613 935 quam
1648 881 1760 936 quod

152 950 171 981 2
198 940 448 994 accepisset,
498 940 723 981 facturum.

795 939 945 994 legati,
997 939 1201 994 quoniam
1245 938 1416 993 Syphax
1461 954 1504 980 se
1549 939 1758 981 Romanis

196 999 426 1053 iunxisset,
469 1001 517 1039 ut
552 999 771 1052 potentior
810 999 1012 1040 societate
1051 1013 1197 1040 eorum
1235 999 1435 1039 adversus
1472 1012 1595 1053 reges
1627 1014 1760 1053 popu-

149 1069 170 1100 3
196 1058 345 1113 losque
378 1058 548 1099 Africae
583 1060 711 1111 esset,
744 1057 897 1099 docent
928 1057 1077 1098 melius
1109 1057 1199 1099 fore
1228 1057 1361 1099 Galae
1395 1071 1561 1112 quoque
1583 1056 1760 1099 Cartha-

197 1117 463 1171 giniensibus
484 1117 605 1171 iungi
626 1132 753 1171 quam
773 1117 971 1171 primum,
997 1119 1225 1171 antequam
1245 1115 1419 1170 Syphax
1439 1116 1485 1157 in
1504 1115 1759 1170 Hispaniam

199 1178 273 1217 aut
291 1176 475 1217 Romani
507 1176 553 1216 in
571 1176 763 1217 Africam
795 1179 1034 1217 transeant:
1069 1176 1253 1230 opprimi
1275 1174 1511 1230 Syphacem
1544 1176 1756 1217 nihildum

147 1247 170 1276 4
194 1238 364 1289 praeter
382 1250 537 1277 nomen
558 1250 608 1276 ex
628 1235 794 1276 foedere
810 1235 1003 1276 Romano
1022 1235 1251 1276 habentem
1271 1249 1409 1288 posse.
1441 1234 1565 1275 facile
1586 1249 1761 1288 persua·

197 1310 289 1336 sum
313 1294 457 1348 Galae,
484 1295 575 1336 filio
598 1294 854 1348 deposcente
874 1294 916 1335 id
937 1295 1108 1348 bellum,
1128 1297 1176 1335 ut
1195 1295 1385 1335 mitteret
1404 1294 1652 1348 exercitum3
1686 1294 1758 1348 qui

196 1352 626 1409 Carthaginiensibus
644 1354 887 1408 legionibus
907 1354 1146 1395 coniunctis
1166 1367 1324 1408 magno
1345 1352 1506 1407 proelio
1522 1351 1758 1406 Syphacem

195 1413 362 1454 devicit.

423 1413 604 1468 triginta
648 1414 765 1454 milia
810 1428 858 1454 eo
903 1413 1065 1467 proelio
1112 1413 1334 1454 hominum
1379 1426 1503 1453 caesa
1547 1412 1758 1454 dicuntur.

151 1482 164 1490 ”
198 1471 369 1527 Syphax
414 1487 509 1513 cum
552 1472 700 1526 paucis
742 1472 954 1526 equitibus
995 1472 1040 1512 in
1071 1471 1312 1513 Maurusios
1346 1469 1407 1512 ex*
1429 1470 1517 1512 acie
1548 1469 1759 1512 Numidas

197 1556 251 1560 ——-
286 1532 462 1572 extremi
503 1546 635 1585 prope
669 1531 883 1572 Oceanum
917 1531 1126 1572 *adversus
1161 1531 1290 1573 Gadis
1334 1530 1480 1571 colunt
1515 1554 1563 1558 -
1598 1530 1760 1585 refugit

197 1590 562 1645 adfluentibusque
596 1590 648 1631 ad
679 1590 839 1631 famam
872 1590 961 1632 eius
994 1590 1178 1644 undique
1210 1589 1404 1630 barbaris
1432 1589 1619 1643 ingentis
1639 1589 1758 1630 brevi

195 1719 345 1764 kungen
365 1731 398 1754 u.
421 1731 471 1760 a.;
498 1719 571 1764 vgl.
600 1719 659 1761 23,
687 1723 742 1763 35,
770 1723 789 1753 6
816 1720 938 1754 decur-

195 1777 272 1801 rere
301 1767 431 1801 milites
457 1767 617 1811 coyebat,
649 1770 690 1800 ut
714 1768 849 1801 tirones
874 1767 937 1801 ad-

193 1817 389 1849 suescerent
431 1815 538 1858 sigma
580 1815 680 1858 sequi
717 1818 749 1848 et
786 1815 826 1848 in
864 1815 939 1849 acie

193 1872 382 1905 aynescere
407 1863 552 1896 ordines
575 1872 669 1896 suos.

238 1913 252 1942 1
260 1912 291 1943 2.
302 1909 409 1942 iustis
421 1909 626 1954 militaria]
637 1908 938 1943 substantivierte

193 1956 276 2000 Adj.
304 1956 355 1990 im
373 1955 501 1990 Neutr.
527 1956 627 1990 Plur.
654 1956 812 1990 nehmen
833 1956 938 1990 einen

194 2003 283 2037 Gen.
312 2003 400 2037 oder
431 2003 490 2037 ein
522 2004 677 2038 anderes
703 2002 826 2038 attrib.
854 2003 936 2047 Adj.

194 2061 237 2083 zu
282 2049 379 2092 sich3
433 2051 505 2094 vgl.
552 2050 611 2093 27,
651 2054 708 2094 40,
752 2055 774 2084 4
822 2051 937 2084 multa

193 2097 351 2131 secunda
381 2101 488 2141 qesta.
539 2099 638 2132 iusta
671 2098 752 2132 sind
785 2097 844 2132 die
870 2098 936 2131 fib-

192 2144 331 2186 lichen,
357 2144 673 2189 pflichtmassigen
700 2144 934 2179 Verrichtun-

196 2201 267 2235 gen
294 2191 394 2225 einer
418 2191 566 2226 Person.

241 2237 410 2282 Carthay.
448 2238 592 2283 hostem]
625 2239 760 2272 ebenso
790 2238 849 2280 22,
879 2242 932 2280 14,

192 2288 212 2319 5
251 2288 291 2319 ut·
329 2286 373 2319 ab
408 2285 571 2320 Sanmite
607 2286 701 2320 hoste
732 2289 813 2320 tuta
850 2286 934 2319 haec

192 2343 258 2366 ora
282 2336 377 2367 esset.

243 2383 295 2414 13.
323 2382 444 2424 coepta
480 2380 643 2415 amicitia
678 2380 741 2425 est]
779 2390 817 2414 so
853 2380 938 2423 sagt

191 2426 270 2462 Liv.
311 2427 405 2461 auch
442 2427 502 2470 29,
544 2432 598 2472 11,
637 2432 656 2462 2
696 2439 776 2462 eum
810 2426 936 2461 Attalo

191 2477 350 2518 coeptam
392 2475 591 2509 amicitiam
634 2485 723 2517 esse‚·
771 2474 937 2518 h‘aufiger

191 2522 392 2556 amicitiam
416 2523 573 2566 izmyere.

237 2568 302 2603 49.
349 2573 378 2603 1.
416 2573 546 2612 septem
583 2568 712 2614 decem]
757 2568 934 2602 seltenere

191 2615 317 2659 Form,
344 2616 480 2650 ebenso
500 2616 560 2660 25,
588 2620 619 2660 5,
647 2621 685 2657 8;
713 2629 738 2651 s.
760 2627 803 2649 zu
827 2619 880 2657 15,
902 2618 933 2649 2.

190 2661 248 2695 Da
266 2662 396 2697 Masin.
426 2667 491 2697 149
512 2675 545 2697 v.
567 2663 647 2697 Chr.
669 2663 761 2698 fiber
780 2667 824 2696 92
843 2662 934 2696 Jahr

191 2709 246 2742 alt
270 2709 395 2753 stirbt,
428 2721 467 2745 so
492 2710 541 2744 ist
567 2722 605 2745 er
625 2710 719 2755 jetzt
743 2709 933 2744 thatsach-

191 2755 265 2789 Iich
297 2756 480 2801 ungefahr
506 2761 548 2791 27
577 2757 669 2792 Jahr
701 2757 770 2800 alt,
801 2757 841 2791 L.
867 2756 935 2790 hat

192 2801 269 2836 sich
293 2802 330 2836 in
351 2804 415 2838 der
429 2804 519 2838 Zahl
539 2804 666 2849 geirrt,
692 2804 762 2838 wie
782 2807 934 2838 ceterum

189 2850 332 2884 iuvenis
357 2862 398 2885 ea
422 2852 497 2886 ind.
525 2851 688 2887 beweist.

239 2899 270 2930 2.
296 2907 393 2941 reyes
411 2898 648 2944 populosque]
677 2909 716 2933 so
743 2897 812 2942 oft,
837 2909 864 2931 z.
892 2896 932 2932 B.

1011 1718 1071 1761 26,
1098 1721 1154 1761 43,
1180 1722 1202 1752 4
1228 1734 1271 1746 =
1298 1716 1577 1751 monarchische
1605 1717 1759 1752 Staaten

1011 1765 1087 1800 und
1113 1765 1365 1810 Republikem
1392 1768 1488 1798 w'are
1516 1764 1575 1798 die
1602 1764 1758 1799 Verbin—

1012 1814 1113 1857 dung
1147 1813 1251 1846 nicht
1285 1811 1517 1855 formelhaft,
1556 1822 1594 1845 so
1630 1812 1758 1846 wfirde

1011 1860 1088 1894 Liv.
1115 1860 1213 1894 wohl
1239 1863 1356 1904 gentes
1381 1860 1525 1904 gesetzt
1550 1858 1680 1902 haben,
1708 1859 1757 1893 da

1012 1919 1050 1942 er
1075 1907 1144 1941 mit
1162 1907 1295 1951 populi
1320 1917 1410 1951 gem
1436 1906 1505 1940 den
1526 1905 1669 1950 Begriff
1690 1906 1755 1941 des

1014 1954 1263 1989 Civilisierten
1288 1952 1493 1988 verbindet.

1060 2006 1090 2036 3.
1118 2001 1289 2046 opprimi]
1316 2000 1455 2045 Asynd.
1484 2000 1615 2044 explic.

1059 2054 1091 2083 4.
1118 2048 1285 2093 Zeyiones]
1321 2048 1416 2082 nach
1451 2048 1655 2082 romischer
1687 2048 1757 2082 Be-

1008 2096 1222 2139 zeichnung.

1056 2143 1272 2187 coniunctis]
1309 2142 1374 2176 das
1410 2152 1523 2175 secum
1558 2141 1646 2176 oder
1670 2142 1753 2184 sibi,

1007 2190 1077 2224 wie
1092 2194 1110 2231 ξ
1125 2194 1158 2232 2,
1185 2189 1329 2233 ergiebt
1343 2189 1407 2223 der
1422 2188 1751 2233 Zusammenhang.

1054 2247 1184 2281 mayizo
1203 2235 1358 2280 proelio]
1384 2235 1480 2269 nach
1505 2235 1665 2269 anderen
1684 2234 1753 2269 Be-

1006 2284 1150 2318 richten
1190 2283 1310 2317 haben
1349 2282 1408 2316 die
1435 2282 1644 2327 Karthager
1681 2283 1752 2317 den

1006 2331 1216 2365 Hasdrubal
1240 2330 1310 2364 mit
1334 2328 1459 2364 seinen
1484 2329 1660 2374 Truppen
1685 2340 1752 2363 aus

1011 2378 1170 2423 Spanien
1191 2376 1489 2422 herbeigerufen,
1509 2387 1653 2411 woraus
1673 2376 1751 2411 sich

1009 2426 1069 2460 die
1100 2425 1310 2459 furchtbare
1344 2424 1566 2468 Niederlage
1598 2423 1661 2458 des
1688 2423 1752 2468 Sy-

1008 2473 1108 2517 phax
1135 2472 1221 2507 eher
1246 2471 1395 2506 erklart.

1057 2523 1088 2554 5.
1102 2520 1319 2554 Maurusios
1326 2518 1524 2563 Numidas]
1537 2517 1596 2552 die
1604 2516 1754 2551 Mauru-

1010 2566 1081 2601 sier
1101 2567 1181 2601 sind
1208 2566 1390 2601 identiseh
1411 2565 1480 2599 mit
1499 2566 1570 2600 den
1585 2565 1750 2608 Mauren,

1008 2614 1067 2649 die
1088 2614 1147 2657 21,
1174 2618 1230 2657 22,
1256 2618 1275 2647 3
1303 2613 1436 2648 ebenso
1462 2613 1601 2646 accolae
1617 2611 1752 2646 Oceani

1006 2662 1170 2706 genannt
1202 2660 1360 2695 werden.
1410 2660 1484 2694 Der
1515 2659 1643 2693 Zusatz
1667 2659 1750 2692 Nu-

1006 2709 1124 2742 midas
1145 2708 1284 2742 erkl'art
1302 2707 1379 2741 sich
1399 2704 1541 2747 dai-aus,
1568 2706 1651 2740 dass
1672 2705 1751 2740 dies

1006 2755 1067 2790 bei
1091 2755 1170 2790 Liv.
1197 2755 1278 2799 (wie
1304 2754 1399 2788 auch
1425 2754 1539 2796 sonst>
1569 2752 1664 2787 &fter
1689 2752 1749 2787 ein

1008 2801 1335 2845 Gesammtbegriff
1356 2801 1406 2835 ist
1429 2800 1488 2834 fiir
1513 2799 1572 2834 die
1591 2800 1749 2834 Kfisten-

1007 2849 1137 2884 volker
1167 2848 1326 2883 Afrikas.
1377 2847 1444 2882 Die
1476 2846 1750 2890 Wortstellung

1008 2896 1058 2931 ist
1083 2897 1197 2930 etwas
1223 2894 1386 2939 gesucht.
