1882 3163
116 102 142 122 a.
162 95 213 122 ch.
233 96 294 121 217.
628 83 774 119 LIBER
799 83 912 119 XXII.
963 84 1066 121 CAP.
1093 88 1149 120 29.

1627 86 1683 126 47

118 209 162 236 se
207 193 318 236 acies
369 196 544 247 repente
589 192 707 234 velut
751 192 868 233 caelo
913 191 1099 233 demissa
1144 192 1196 234 ad
1237 192 1441 234 auxilium
1480 193 1683 235 ostendit.
1710 206 1732 237 4

115 253 280 308 itaque,
319 253 570 307 priusquam
608 250 662 292 ad
701 251 942 292 coniectum
973 251 1050 292 teli
1081 252 1246 293 veniret
1278 254 1352 293 aut
1384 266 1558 294 manum
1587 267 1684 294 con-

118 316 288 365 sereret,
320 315 363 353 et
395 325 495 353 suos
528 325 554 352 a
584 310 688 365 fuga
720 309 853 350 effusa
885 311 929 350 et
960 309 1014 350 ab
1041 310 1172 352 nimis
1199 310 1332 352 feroci
1357 324 1504 366 pugna
1535 311 1682 353 hostes

117 371 341 413 continuit.
404 369 478 425 qui
511 369 663 411 solutis
697 367 919 409 ordinibus
951 381 1059 422 vage
1092 369 1289 423 dissipati
1321 373 1462 425 erant,
1496 371 1684 425 undique

117 430 405 484 confugerunt
431 428 484 471 ad
504 428 718 483 integram
740 427 893 480 aciem3
919 426 992 481 qui
1010 427 1155 481 plures
1177 428 1306 469 simul
1325 430 1448 484 terga
1468 429 1684 484 dederant,

118 489 315 531 conversi
351 488 397 529 in
434 487 604 530 hostem
644 486 948 541 volventesque
988 486 1136 528 orbem
1174 500 1287 528 nunc
1327 487 1485 529 sensim
1527 489 1684 530 referre

115 547 284 602 pedem,
316 561 431 588 nunc
457 545 706 601 conglobati
732 547 907 586 restare.
953 560 1001 587 ac
1028 545 1115 586 iam
1146 560 1279 600 prope
1312 560 1398 587 una
1423 547 1536 588 acies
1568 547 1685 590 facta

116 610 209 648 erat
234 606 336 648 victi
363 609 490 660 atque
514 604 674 659 integri
694 605 919 658 exercitus,
945 604 1272 659 inferebantque
1294 605 1417 659 signa
1436 605 1481 646 in
1500 605 1683 661 hostem,

115 679 212 707 cum
243 665 412 707 Poenus
450 664 640 718 receptui
672 663 844 717 cecinit,
887 663 1032 717 palam
1069 663 1232 705 ferente
1263 662 1509 706 Hannibale
1550 665 1602 706 ab
1638 680 1682 708 se

117 723 374 778 Minucium,
407 737 451 765 se
483 723 537 765 ab
570 722 705 764 Fabio
738 723 909 764 victum.

232 783 301 825 Ita
337 797 413 838 per
450 782 614 823 variam
651 782 872 823 fortunam
910 781 994 823 diei
1037 783 1202 823 maiore
1238 785 1361 836 parte
1393 784 1543 824 exacta
1587 796 1683 824 cum

115 842 160 884 in
193 845 336 884 castra
366 841 550 883 reditum
584 844 714 895 esset,
756 839 971 882 Minucius
1005 840 1250 882 convocatis
1282 840 1493 882 militibus
1527 856 1680 896 „saepe

116 901 220 957 ego“
252 901 392 956 inquit
422 899 610 955 „audivi,
641 899 822 953 milites,
854 914 950 941 eum
976 900 1164 954 primum
1190 914 1282 941 esse
1309 900 1462 954 virum,
1491 900 1565 955 qui
1589 901 1682 955 ipse

115 960 327 1014 consulat,
360 960 461 1026 quid
492 960 537 1000 in
574 973 664 1000 rem
697 959 773 1012 sit,
815 958 1048 1001 secundum
1081 973 1196 1012 eum,
1235 959 1309 1014 qui
1342 959 1448 1001 bene
1493 959 1686 1002 monenti

116 1019 336 1072 oboediat,
374 1020 447 1073 qui
478 1033 557 1060 nec
587 1018 682 1072 ipse
714 1019 935 1060 consulere
967 1032 1045 1060 nec
1077 1018 1204 1059 alteri
1235 1032 1386 1072 parere
1421 1019 1549 1073 sciat,
1590 1033 1687 1060 eum

116 1079 295 1120 extremi
326 1078 490 1133 ingenii
522 1091 627 1118 esse.
687 1077 815 1119 nobis
855 1078 1059 1132 quoniam
1098 1077 1238 1132 prima
1270 1077 1403 1118 animi
1434 1077 1685 1133 ingeniique

115 1140 277 1192 negata
310 1152 402 1178 sors
436 1139 521 1190 est,
554 1135 784 1178 secundam
818 1150 866 1177 ac
897 1135 1083 1178 mediam
1108 1139 1331 1177 teneamus
1367 1139 1431 1190 et,
1470 1137 1569 1178 dum
1608 1137 1685 1178 im-

115 1211 266 1250 perare
294 1196 514 1249 discimus,
547 1209 695 1250 parere
717 1195 918 1249 prudenti
944 1196 989 1236 in
1015 1195 1205 1237 animum
1225 1195 1490 1237 inducamus.
1542 1198 1684 1237 castra

115 1269 212 1296 cum
231 1254 365 1296 Fabio
392 1255 640 1309 iungamus3
675 1255 727 1295 ad
754 1254 1018 1308 praetorium
1045 1254 1136 1295 eius
1165 1255 1290 1309 signa
1322 1269 1418 1296 cum
1443 1255 1685 1308 tulerimus,

115 1314 189 1355 ubi
220 1328 300 1369 ego
333 1328 431 1355 eum
462 1316 686 1368 parentem
719 1313 1012 1368 appellavero,
1059 1313 1171 1368 quod
1210 1313 1417 1355 beneficio
1458 1314 1548 1355 eius
1583 1328 1686 1369 erga

114 1387 195 1415 nos
228 1388 277 1415 ac
309 1373 534 1414 maiestate
568 1372 657 1414 eius
691 1372 869 1427 dignum
902 1375 986 1427 est,
1024 1387 1120 1427 vos,
1152 1372 1331 1426 milites,
1371 1387 1462 1427 eos,
1504 1387 1686 1427 quorum

116 1446 193 1474 vos
225 1432 352 1474 modo
387 1447 506 1474 arma
537 1445 586 1474 ac
618 1431 816 1473 dexterae
842 1434 1060 1486 texerunt,
1097 1434 1305 1485 patronos
1333 1432 1598 1487 salutabitis,
1631 1435 1686 1487 et,

117 1492 152 1533 si
183 1491 292 1533 nihil
337 1491 472 1544 aliud,
517 1493 741 1545 gratorum
780 1493 893 1532 certe
930 1491 1056 1533 nobis
1095 1491 1339 1532 animorum
1373 1491 1557 1545 gloriam
1597 1491 1686 1533 dies

117 1630 334 1676 (Legionen)
367 1631 430 1665 καὶ
467 1627 554 1670 τοὺς
586 1627 759 1674 ἀρίστους
796 1627 862 1665 ἄν·
936 1635 992 1674 31,
1020 1633 1076 1666 84.
1103 1651 1147 1655 —
1181 1631 1365 1674 consulat,
1398 1631 1450 1665 im
1477 1630 1587 1665 Siune
1613 1641 1688 1665 von

115 1680 216 1722 δρας.
244 1698 288 1703 -
314 1678 410 1713 velut
435 1679 532 1713 caelo
557 1678 591 1713 d.
615 1677 684 1712 wie
705 1688 770 1712 aus
790 1678 863 1713 den
936 1677 1135 1713 consilium
1161 1677 1353 1723 expedire;
1380 1678 1458 1722 ipse
1477 1677 1527 1712 im
1542 1676 1687 1723 Gegen-

114 1725 287 1770 Wolken,
309 1728 342 1770 8,
357 1729 390 1767 9,
415 1729 458 1760 10
479 1724 575 1760 sicut
595 1725 699 1760 caelo
718 1725 860 1761 missus.
936 1727 1013 1760 satz
1046 1737 1090 1759 zu
1123 1725 1243 1760 einem
1275 1737 1319 1760 zu
1350 1724 1517 1760 monenti
1549 1737 1593 1759 zu
1631 1735 1688 1760 er-

162 1777 266 1808 4-6,
294 1774 514 1817 priusquam
546 1776 607 1807 etc.
640 1772 757 1807 durch
783 1772 862 1807 sein
934 1773 1147 1817 gunzenden
1175 1773 1304 1815 alteri;
1330 1773 1404 1817 vgl.
1433 1771 1507 1806 Cic.
1534 1772 1558 1806 1.
1586 1783 1615 1806 0.
1641 1791 1686 1798 -—-

113 1819 251 1855 blosses
277 1820 512 1854 Erseheinen.
540 1840 583 1844 —
609 1820 785 1854 volventes
804 1831 861 1855 or-
935 1821 976 1854 in
1000 1831 1073 1854 rem
1104 1820 1169 1862 sit,
1203 1819 1511 1863 zweckdienlich,
1543 1819 1687 1853 forder-

115 1868 208 1910 bem,
243 1867 281 1902 in
316 1866 595 1911 Ermangeluug
634 1867 734 1901 eines
772 1867 861 1901 Ver·
934 1866 1011 1901 11011
1038 1878 1067 1901 0.
1094 1870 1127 1909 3,
1154 1870 1174 1900 2
1202 1867 1278 1900 und
1303 1867 1369 1910 oft,
1398 1866 1486 1901 Sall.
1518 1865 1597 1902 Cat.
1621 1869 1684 1908 2ος

114 1915 222 1949 bums
249 1914 369 1949 orbire
396 1913 715 1958 gewissermassen
744 1914 862 1957 figura
936 1913 1086 1948 ahnlich
1115 1925 1158 1947 ex
1185 1924 1222 1948 re
1250 1914 1434 1958 (alicuius)
1461 1914 1527 1948 est.
1551 1933 1593 1938 -
1620 1923 1685 1948 no-

116 1961 382 2005 etymologica,
420 1960 545 1995 indem
586 1960 650 1995 der
684 1960 735 1994 im
770 1960 861 1995 Sub·
935 1961 1000 2002 bis,
1027 1960 1191 1995 insofern
1217 1961 1312 1995 auch
1333 1960 1393 1995 die
1415 1960 1593 1995 Soldaten
1613 1960 1686 1995 den

116 2009 254 2043 stantiv
275 2007 448 2053 liegende
470 2007 611 2052 Begriff
627 2007 677 2041 im
697 2007 862 2042 Verbum
934 2008 1074 2052 klugen
1106 2007 1199 2042 Plau
1232 2008 1296 2042 des
1328 2008 1464 2042 Fabius
1499 2007 1686 2042 verkannt

116 2055 336 2090 wiederholt
374 2055 482 2098 wird,
521 2056 615 2089 statt
652 2054 791 2098 facere,
828 2059 861 2097 4,
936 2055 1076 2099 haben,
1112 2055 1289 2090 wahrend
1322 2054 1382 2089 bei
1408 2055 1592 2099 imperare
1620 2053 1686 2089 der

116 2106 178 2146 28,
212 2106 243 2137 3.
277 2123 321 2128 -
360 2102 584 2145 inferebant,
623 2102 676 2136 sie
709 2102 862 2137 wollten
935 2102 1081 2136 Redner
1106 2102 1377 2147 vorzugsweise
1402 2113 1447 2136 au
1469 2101 1547 2136 sich
1568 2101 1686 2137 selbst

116 2150 226 2194 eben,
256 2151 371 2185 0011011
397 2161 429 2184 u.
452 2161 478 2185 s.
500 2162 544 2183 w.
573 2169 615 2174 —
646 2150 780 2192 ferente
806 2149 860 2184 als
936 2149 1062 2184 denkt.
1101 2169 1146 2174 —
1186 2150 1304 2184 animi
1336 2149 1483 2184 bezieht
1515 2149 1594 2184 sich
1620 2147 1689 2183 auf

116 2197 278 2232 Verbum
298 2196 445 2231 dicendi
465 2195 535 2230 wie
554 2196 593 2230 in
612 2196 682 2231 den
698 2196 861 2231 Redens-

116 2247 223 2279 arten
248 2244 389 2286 ferunt,
415 2244 550 2287 fertur,
575 2254 663 2287 prae
691 2255 728 2279 se
755 2244 860 2287 ferre,

116 2291 264 2335 referre,
291 2292 345 2326 oft
370 2291 439 2325 mit
464 2291 652 2333 laudibus,
684 2291 861 2326 sermoni-

116 2338 202 2381 bus,
228 2338 345 2381 fama,
382 2342 438 2381 21,
465 2342 527 2381 41,
562 2342 592 2373 7.
626 2359 669 2363 -—
708 2339 862 2379 victum;

117 2386 253 2421 ebenso
280 2385 419 2429 Eutrop
447 2389 479 2427 3,
501 2389 521 2419 9
548 2385 684 2420 Fabius
705 2396 788 2420 eum
809 2385 862 2420 in-

116 2435 229 2468 venta
270 2432 464 2467 occasione
507 2431 614 2474 vicit,
660 2433 758 2467 wohl
802 2433 861 2467 ein

118 2480 197 2525 Zug
225 2480 289 2514 der
315 2478 588 2514 Fabianischen
612 2479 865 2524 Darstellung.

168 2531 234 2561 7-
239 2531 270 2561 9.
297 2537 430 2570 saepe.
454 2553 461 2561 .
485 2527 653 2568 .audivz‚
680 2526 765 2561 weil
786 2527 867 2561 eine

119 2573 441 2619 eprichwortliche
469 2573 627 2608 Sentenz
653 2573 765 2629 solgt,
796 2574 866 2608 Ηο-

118 2621 215 2665 aiod,
252 2620 389 2655 Werke
416 2632 450 2656 11
479 2621 520 2655 ’1.
555 2624 622 2655 293
657 2615 766 2660 οὗτος
798 2620 866 2664 μὲν

119 2649 366 2711 πανάριστος,
399 2663 439 2707 ὃς
465 2665 566 2714 αυτῷ
605 2664 734 2711 (αὐτός
759 2666 866 2713 Diog.

119 2715 292 2770 Laert.7,
312 2719 342 2759 1,
364 2718 419 2756 21,
441 2716 578 2759 entspr.
599 2714 677 2770 ipse
699 2713 758 2749 bei
773 2715 866 2758 Liv.)

119 2760 244 2796 πάντα
293 2760 428 2818 νοήσῃ,
479 2761 742 2816 φρασσάμενος
776 2789 783 2796 .

121 2806 254 2849 ἐσθλὸς
287 2805 323 2843 δ’
362 2806 412 2844 αὖ
444 2813 637 2851 κακεῖνος,
676 2804 716 2848 ὃς
749 2821 791 2843 ευ
818 2807 867 2843 εἰ-

125 2853 233 2890 πόντι
252 2857 411 2900 πίθηται
432 2859 505 2891 κτλ.
543 2856 615 2891 Cic.
637 2866 703 2900 pro
724 2854 866 2891 Cluent-

936 2196 1103 2239 obedire,
1144 2197 1213 2231 wie
1246 2196 1437 2241 ingenium
1464 2196 1529 2231 auf
1553 2207 1686 2231 consu-

934 2243 1026 2287 101ος
1053 2245 1248 2288 imperare,
1270 2255 1401 2288 parere
1431 2255 1475 2278 zu
1502 2247 1564 2287 21,
1591 2246 1624 2287 4,
1651 2247 1683 2278 3.

985 2295 1039 2326 10.
1063 2295 1117 2326 11.
1144 2292 1354 2333 tulerimus;
1381 2291 1486 2335 signa
1507 2291 1600 2325 ferre
1621 2302 1683 2335 ge-

935 2337 1122 2373 wohnlich
1143 2338 1239 2373 ohne
1260 2339 1396 2373 nahere
1415 2338 1683 2381 Bestimmung,

936 2385 1087 2420 ἶ(1111111011
1100 2387 1222 2420 castra
1233 2396 1392 2429 movere,
1402 2384 1528 2420 01011111
1537 2384 1685 2419 Marsch

937 2434 1077 2475 setzen,
1104 2433 1174 2467 mit
1200 2432 1432 2478 Ortsaugabe
1459 2436 1521 2475 26,
1551 2436 1611 2474 13,
1641 2435 1683 2465 11

940 2480 987 2515 ad
1014 2479 1143 2515 urbem
1170 2480 1340 2522 Romam,
1367 2483 1423 2522 28,
1446 2483 1476 2522 1,
1495 2482 1525 2513 9.
1554 2489 1685 2522 —pa-

939 2530 1094 2569 rentem,
1126 2527 1285 2569 edlerer,
1318 2526 1566 2560 feierlicherer
1593 2524 1686 2559 Aus-

941 2574 1057 2608 druck
1078 2574 1133 2608 als
1155 2577 1271 2617 pater,
1291 2573 1367 2617 vgl.
1382 2584 1514 2617 parens
1528 2571 1684 2616 patriae,

940 2625 973 2662 4,
1000 2625 1039 2662 3,
1070 2625 1110 2654 12
1138 2620 1316 2654 Romulus
1343 2631 1476 2664 parens
1503 2619 1621 2661 urbis,
1651 2623 1684 2662 6,

944 2672 998 2711 14,
1025 2671 1045 2702 5
1075 2667 1211 2702 Manlio
1238 2667 1384 2711 parenti
1409 2665 1530 2711 plebis
1549 2665 1685 2701 Roma-

941 2726 1021 2749 nae.
1062 2735 1104 2739 —
1139 2717 1326 2759 yratorum
1359 2715 1582 2748 animorum:
1619 2713 1685 2747 der

942 2761 1171 2796 klassischen
1204 2761 1318 2795 Prosa
1350 2761 1445 2795 fehlt
1474 2760 1532 2794 0111
1560 2759 1683 2795 Subst.

941 2809 1000 2842 fiir
1020 2807 1288 2852 Dankbarkeit,
1315 2807 1382 2842 wie
1403 2808 1499 2842 denn
1513 2806 1684 2842 Valerius

942 2855 1123 2890 Maximus
1140 2859 1170 2899 5,
1195 2859 1209 2888 1
1228 2854 1261 2888 ff.
1285 2855 1329 2889 (10
1347 2854 1592 2899 humanitate,
1612 2854 1685 2889 cle-

1714 1213 1757 1246 10

1714 1391 1756 1422 11
