1882 3163
115 157 143 176 a.
169 150 237 176 chr.
263 157 292 174 n.
320 151 381 176 214.
625 137 768 172 LIBER
791 137 939 172 XXIIII.
975 136 1077 172 CAP.
1107 141 1161 173 18.
1184 141 1237 172 19.
1628 135 1684 177 33

115 249 272 303 primo,
312 247 462 290 deinde
499 247 724 289 viduarum
757 248 933 300 coeptae
966 245 1162 299 conferri,
1194 260 1406 301 nusquam
1438 259 1509 287 eas
1542 245 1676 289 tutius
1707 257 1752 287 14

114 308 387 362 sanctiusque
414 307 625 362 deponere
651 305 920 347 credentibus
948 305 1020 359 qui
1046 305 1295 346 deferebant
1321 319 1450 359 quam
1469 305 1514 347 in
1538 304 1677 359 publi-

115 382 166 409 ca
198 367 291 409 fide.
347 367 447 408 inde
480 366 516 407 si
548 365 649 421 quid
688 367 878 419 emptum
917 366 1198 418 paratumque
1237 364 1413 418 pupillis
1454 379 1502 406 ac
1539 364 1677 405 viduis

115 426 240 480 foret,
273 441 297 467 a
329 428 553 482 quaestore
585 424 942 479 perscribebatur.
1004 423 1197 464 manavit
1228 437 1278 464 ea
1310 423 1575 477 privatorum
1607 424 1677 465 be-
1707 435 1748 466 15

116 486 308 542 nignitas
342 500 391 526 ex
422 485 525 526 urbe
557 484 688 525 etiam
720 483 765 524 in
797 485 952 536 castra,
982 484 1031 523 ut
1061 496 1148 523 non
1180 496 1327 537 eques,
1362 497 1451 524 non
1483 483 1676 524 centurio

117 545 381 599 stipendium
425 543 652 597 acciperet,
697 542 1123 596 mercennariumque
1164 541 1434 596 increpantes
1476 544 1680 584 vocarent

113 604 191 658 qui
223 604 469 658 accepisset.

238 662 286 712 Q.
306 662 464 704 Fabius
498 661 646 703 consul
674 661 727 703 ad
748 659 980 702 Casilinum
1008 661 1149 701 castra
1174 659 1381 714 habebat,
1414 660 1526 714 quod
1553 660 1683 702 duum
1703 662 1754 704 19

118 721 285 763 milium
300 720 618 776 Campanorum
639 723 681 761 et
701 720 1072 775 septingentorum
1092 719 1277 760 militum
1292 718 1551 761 Hannibalis
1570 723 1685 761 tene-

117 781 246 822 batur
278 780 504 835 praesidio.
554 782 751 834 praeerat
776 778 938 821 Statius
971 778 1127 820 Metius
1160 778 1316 820 missus
1351 779 1404 820 ab
1433 778 1508 820 Cn.
1536 778 1682 834 Magio
1711 792 1730 822 2

118 840 340 893 Atellano,
375 840 446 895 qui
479 853 528 880 eo
559 854 672 880 anno
693 839 832 880 medix
852 839 1011 880 tuticus
1033 840 1140 888 erat,
1175 838 1434 893 servitiaque
1455 841 1498 879 et
1517 839 1686 892 plebem

117 899 358 953 promiscue
397 901 602 952 armarat,
649 902 694 939 ut
733 900 874 939 castra
900 897 1103 952 *Romana
1134 897 1356 938 invaderet
1386 898 1553 939 intento
1587 913 1684 940 con-

113 958 211 1000 sule
243 958 295 999 ad
329 956 566 999 Casilinum
599 958 946 1013 oppugnandum.
996 957 1105 998 nihil
1139 971 1285 998 eorum
1305 956 1486 998 Fabium
1518 957 1686 998 fefellit.

117 1017 262 1072 itaque
294 1017 454 1059 Nolam
488 1017 541 1058 ad
574 1017 785 1072 collegam
816 1017 967 1070 mittit,
1001 1017 1133 1057 altero
1167 1016 1369 1070 exercitu,
1402 1016 1503 1057 dum
1536 1015 1685 1058 Casili·
1713 1031 1732 1061 3

119 1091 222 1117 num
250 1080 541 1131 oppugnatur,
575 1091 682 1130 opus
709 1091 823 1128 esse,
856 1076 928 1131 qui
949 1074 1179 1129 Campanis
1207 1077 1468 1130 opponatur:
1502 1076 1569 1117 vel
1596 1076 1686 1130 ipse
1713 1090 1735 1120 4

117 1136 268 1177 relicto
299 1134 435 1177 Nolae
474 1136 687 1190 praesidio
732 1135 898 1177 modico
931 1135 1113 1188 veniret,
1157 1135 1241 1189 vel,
1286 1135 1322 1176 si
1354 1149 1451 1176 eum
1482 1134 1596 1177 Nola
1626 1138 1687 1177 te-

120 1197 258 1249 neret,
301 1195 481 1236 necdum
513 1210 685 1236 securae
718 1210 785 1236 res
819 1195 872 1236 ab
904 1193 1150 1235 Hannibale
1183 1197 1344 1248 essent,
1388 1209 1431 1235 se
1465 1194 1527 1236 Ti.
1560 1194 1687 1236 Grac-

115 1254 248 1295 chum
286 1255 586 1308 proconsulem
626 1270 650 1295 a
688 1253 935 1295 Benevento
974 1253 1220 1294 acciturum.
1270 1253 1352 1295 hoc
1390 1254 1541 1295 nuntio
1574 1253 1686 1295 Mar·
1714 1267 1733 1298 5

118 1313 251 1354 cellus
284 1312 448 1354 duobus
482 1314 667 1354 militum
700 1313 872 1354 milibus
904 1313 1041 1354 Nolae
1073 1313 1119 1354 in
1150 1313 1362 1367 praesidio
1396 1313 1555 1355 relictis
1589 1328 1684 1355 cum

120 1375 259 1413 cetero
293 1372 482 1413 exercitu
509 1371 745 1414 Casilinum
779 1373 912 1426 venit⁷
945 1371 1214 1427 adventuque
1246 1372 1336 1413 eius
1363 1370 1573 1426 Campani
1599 1373 1686 1414 iam

119 1434 340 1472 moventes
374 1446 464 1473 sese
497 1432 761 1486 quieverunt.
811 1432 873 1473 ita
905 1432 957 1473 ab
986 1431 1151 1473 duobus
1178 1431 1426 1473 consulibus
1449 1430 1685 1474 Casilinum
1712 1447 1732 1477 6

120 1491 361 1545 oppugnari
388 1492 540 1545 coepit.
588 1491 660 1532 ubi
688 1506 783 1533 cum
809 1492 945 1532 multa
972 1491 1245 1532 succedentes
1272 1493 1432 1532 temere
1459 1492 1684 1534 moenibus

119 1548 304 1590 Romani
336 1550 494 1591 milites
528 1551 771 1604 acciperent
803 1551 996 1604 vulnera,
1034 1565 1171 1605 neque
1205 1551 1308 1592 satis
1342 1551 1559 1604 inceptum
1593 1566 1685 1593 suc·

170 1646 223 1677 14.
261 1642 408 1688 viduae]
448 1643 542 1677 auch
579 1642 638 1677 die
672 1643 865 1678 unverhei-
989 1643 1051 1678 19.
1111 1643 1556 1687 Wiedereroberung
1599 1655 1688 1679 von

118 1689 244 1724 rathet
265 1690 510 1734 gebliebenen
529 1690 712 1725 Madchen
732 1691 865 1727 mitbe-
942 1690 1190 1726 Casilinum
1217 1691 1358 1725 durch
1384 1691 1563 1727 Fabius.

116 1736 330 1772 zeichnend.
988 1743 1018 1773 1.
1058 1739 1187 1784 duum]
1215 1750 1240 1772 s.
1269 1751 1313 1772 zu
1339 1741 1371 1781 8,
1401 1742 1454 1773 10.

166 1784 354 1830 deponere]
383 1785 477 1819 ohne
502 1795 548 1827 se,
574 1797 599 1819 s.
628 1798 671 1819 zu
699 1790 730 1830 6,
757 1791 787 1821 5.
986 1790 1016 1820 2.
1062 1786 1247 1831 Atellano]
1303 1797 1368 1820 aus
1420 1785 1557 1829 Atella;
1620 1786 1685 1821 der

167 1831 318 1876 deferre]
358 1848 401 1860 =
440 1833 612 1874 conferre,
662 1833 731 1868 wie
776 1834 864 1868 kurz
937 1834 1056 1867 medina
1094 1834 1228 1867 tuticus
1259 1844 1335 1867 war
1373 1843 1533 1867 summus
1570 1835 1685 1878 magti-

119 1878 261 1913 vorher.
936 1884 1074 1914 stratus
1100 1881 1201 1924 apud
1219 1880 1425 1924 Ccmzpanos
1457 1880 1531 1923 (23,
1553 1885 1609 1922 35,
1629 1886 1679 1915 13.

166 1925 273 1970 foret]
303 1925 353 1959 ist
373 1926 436 1960 der
456 1926 514 1960 bei
535 1926 575 1960 L.
596 1926 743 1971 hiiufige
761 1927 863 1972 Conj.

117 1972 325 2007 iterativus.

165 2020 469 2065 perscribebatur]
511 2020 651 2055 ‘wurde
684 2021 764 2056 eine
792 2023 864 2056 An-

120 2066 286 2111 weisung
322 2068 518 2112 gegeben',
564 2069 622 2102 die
662 2069 755 2103 nach
795 2070 864 2104 den

119 2113 332 2159 damaligen
352 2114 626 2149 Verbaltuissen
643 2117 742 2150 wohl
757 2117 865 2151 eben-

120 2161 204 2195 falls
224 2162 329 2196 nicht
343 2162 508 2207 sogleich
526 2163 709 2207 eingelcst
729 2164 863 2208 wurde,

119 2208 344 2254 wenigstens
380 2210 481 2244 ward
516 2222 553 2245 so
590 2211 677 2245 aber
703 2211 760 2245 ein
789 2223 863 2246 mo-

120 2255 297 2290 ralischer
322 2256 446 2291 Druck
479 2258 544 2291 auf
573 2258 632 2292 die
659 2257 865 2294 Verkaufer

119 2304 312 2347 ausgetibt.

172 2354 224 2384 15.
273 2352 426 2395 aliquem
463 2363 637 2388 nzercemz.
670 2354 864 2398 increpans

119 2397 221 2443 voco]
246 2397 305 2431 ich
328 2398 588 2433 ‘schelteJcn1.
611 2400 717 2434 einen
732 2402 864 2436 Mieth·

120 2444 227 2489 ling’,
260 2445 377 2479 woft'ir
403 2447 495 2479 auch
529 2448 683 2490 aliquem
709 2452 748 2482 ab
776 2460 862 2482 mer-

120 2493 332 2526 cennariwn
369 2493 514 2536 increpo
551 2496 684 2538 gesagt
718 2496 865 2530 werden

119 2538 220 2573 kann
253 2539 326 2584 (35,
354 2544 408 2583 39,
437 2544 472 2574 7:
512 2541 707 2585 Magnetas
738 2546 778 2576 ut
811 2544 864 2576 in-

119 2590 243 2630 9ratos
273 2587 460 2630 increpat).
519 2588 592 2622 Das
628 2588 746 2623 blossc
780 2591 864 2633 aliq.

120 2635 404 2668 mercennarium
432 2636 578 2678 increpo
611 2638 684 2669 erst
709 2636 767 2670 bei
795 2636 863 2671 Ta—

121 2680 232 2722 citus3
259 2681 353 2715 doch
380 2683 512 2716 nithe-rt
531 2682 607 2716 sich
635 2683 753 2717 dieser
774 2684 864 2717 Aus-

121 2727 369 2763 drucksweisc
395 2730 508 2763 sehon
537 2730 575 2763 L.
604 2730 637 2772 8,
662 2734 717 2773 32,
742 2735 782 2765 13
810 2732 864 2765 τή-

120 2776 317 2818 crepabant
337 2777 575 2811 inclementem
590 2778 797 2812 dictatorem
812 2778 863 2812 sie

121 2821 288 2857 schalten
308 2823 377 2857 den
399 2824 441 2858 D.
468 2836 658 2867 grausam3
686 2825 755 2869 eig.
777 2826 865 2860 aber

123 2884 166 2896 =
193 2870 431 2913 increpabant
455 2872 714 2906 inclementiam
749 2874 863 2907 (licta-

121 2917 220 2950 toris.

194 2982 250 3007 Tit.
273 2983 337 3008 Τήν.
360 2984 393 3008 Β.
415 2986 456 3009 2¹1.

939 1927 998 1970 26,
1026 1932 1057 1970 6,
1086 1930 1160 1971 13),
1195 1927 1253 1961 die
1279 1927 1412 1962 beiden
1448 1928 1576 1962 IVorte
1603 1928 1685 1962 sind

940 1975 1082 2009 oscisch
1109 1974 1182 2008 und
1215 1975 1399 2009 bedeuten
1432 1986 1471 2008 so
1505 1976 1577 2010 viel
1614 1976 1682 2010 wie

941 2022 1216 2066 ‘Landpfleger’
1234 2023 1366 2066 (medix
1380 2023 1498 2066 hangt
1518 2023 1586 2057 mit
1600 2023 1685 2058 dem

940 2069 1083 2104 Stamm
1110 2070 1172 2104 des
1199 2070 1379 2103 Verbums
1405 2071 1571 2113 med-eri,
1598 2072 1683 2106 tutt-

938 2128 1001 2153 cus
1027 2117 1096 2151 mit
1121 2121 1215 2151 totas
1240 2120 1476 2160 zusammen).

986 2169 1017 2199 3.
1057 2165 1308 2209 oppaynatar}
1349 2165 1413 2198 der
1449 2164 1579 2200 Modus
1617 2166 1682 2200 der

939 2212 1101 2246 directen
1128 2212 1228 2246 Rede
1254 2212 1303 2246 ist
1328 2211 1578 2256 beibehalten‚
1606 2224 1680 2248 was

939 2260 976 2293 L.
1006 2259 1117 2294 efters
1145 2259 1247 2302 thut;
1285 2259 1343 2294 bei
1370 2260 1457 2294 dam
1482 2259 1532 2294 ist
1557 2271 1594 2295 es
1619 2272 1680 2305 ge-

938 2307 1024 2341 rade
1051 2307 1155 2341 nicht
1180 2307 1316 2351 haufig.

986 2358 1017 2387 4.
1062 2355 1224 2399 securas]
1272 2354 1341 2399 eig.
1386 2365 1457 2388 von
1496 2353 1681 2389 Personen

941 2401 1265 2444 ‘unbeku'mmert‚
1323 2401 1546 2445 sorgenlos⁷‚
1604 2402 1683 2436 hier

940 2449 1156 2493 ‘ges-ahrlos'
1180 2465 1223 2476 =
1246 2452 1344 2482 tatus
1376 2461 1409 2481 u.
1437 2459 1475 2482 so
1509 2448 1577 2483 wie
1605 2449 1682 2483 dies

938 2496 1007 2530 mit
1033 2508 1055 2529 a
1082 2497 1231 2537 constr.;
1279 2496 1350 2539 vgl.
1378 2495 1444 2537 39,
1486 2499 1521 2536 1,
1562 2500 1581 2529 ὓ
1619 2497 1683 2540 qui

936 2544 1075 2576 nullum
1105 2544 1219 2576 Iocum
1245 2544 1404 2586 quietam
1429 2547 1494 2576 aut
1515 2554 1681 2578 securum-

937 2601 1007 2624 esse
1032 2591 1173 2623 smeret.

986 2641 1016 2670 5.
1048 2638 1090 2670 in
1105 2637 1307 2681 pransidessoj
1325 2637 1481 2680 relinqui
1505 2638 1592 2671 oder
1611 2649 1682 2672 esse

940 2684 1021 2718 ‘auf
1046 2684 1206 2726 Posten’,
1240 2684 1308 2717 wic
1343 2685 1381 2717 in
1405 2695 1521 2726 praes.
1549 2686 1681 2728 inponi

940 2731 1022 2765 ‘auf
1034 2731 1072 2764 Ρ.
1094 2731 1245 2776 gestellt
1261 2731 1441 2772 werdcn'3
1469 2732 1619 2767 {thulich
1640 2734 1681 2767 in

936 2778 1109 2812 subsidiis
1135 2779 1195 2812 rel.
1226 2777 1276 2811 ‘in
1306 2779 1491 2814 stosorve’.

985 2830 1014 2860 6.
1055 2826 1181 2869 coepit}
1211 2838 1236 2860 s.
1264 2837 1305 2858 zu
1334 2829 1364 2868 7,
1395 2830 1446 2860 10.

984 2874 1164 2916 inceptum
1182 2873 1395 2917 succederet]
1417 2873 1580 2908 ‹lieselbc
1600 2886 1679 2918 per-

937 2921 1026 2954 seul.
1065 2919 1206 2954 Constr.
1239 2918 1305 2961 4⁶2,
1339 2924 1400 2963 58,
1443 2926 1458 2954 1
1500 2922 1680 2965 inceptum

1378 2984 1397 3013 3
