1882 3163
123 1243 180 1284 20

193 126 250 168 34
637 125 782 161 LIBER
807 125 955 162 XXIIII.
995 125 1095 160 CAP.
1126 129 1179 160 19.
1207 129 1262 161 20.

1540 143 1565 162 a.
1590 144 1619 162 u.
1645 145 1668 162 c.
1694 139 1759 164 540.

195 235 378 288 cederet,
409 233 571 276 Fabius
604 234 886 276 omittendam
918 249 1009 275 rem
1040 250 1216 289 parvam
1249 249 1298 276 ac
1329 234 1450 275 iuxta
1480 236 1649 290 magnis
1676 237 1757 278 dif-

193 294 350 335 ficilem
384 293 779 348 abscedendumque
810 294 909 335 inde
942 294 1161 348 censebat,
1193 308 1288 335 cum
1319 307 1386 334 res
1413 294 1597 336 maiores
1623 295 1756 337 insta-

148 365 168 396 7
195 355 308 407 rent,
352 352 579 395 Marcellus
619 353 756 394 multa
794 353 964 408 magnis
997 352 1175 395 ducibus
1208 354 1318 394 sicut
1349 367 1436 394 non
1468 353 1757 409 adgredienda

193 412 256 453 ita
288 412 418 453 semel
453 412 667 467 adgressis
699 427 788 453 non
819 412 1077 453 dimittenda
1109 427 1200 453 esse
1232 412 1430 466 dicendo,
1468 413 1567 467 quia
1598 427 1758 469 magna

191 471 332 512 famae
365 474 584 513 momenta
614 471 661 513 in
691 474 915 526 utramque
947 474 1114 525 partem
1145 472 1312 518 fierent,
1353 472 1509 525 tenuit,
1539 487 1593 513 ne
1625 473 1756 514 inrito

146 542 166 573 8
193 531 365 584 incepto
400 531 599 572 abiretur.
649 531 798 572 vineae
830 530 928 571 inde
962 531 1189 585 omniaque
1222 531 1307 572 alia
1339 545 1515 584 operum
1541 531 1756 573 machina-

193 590 444 645 tionumque
495 604 654 645 genera
705 604 799 631 cum
844 590 1189 644 admoverentur,

1240 588 1532 644 Campanique
1574 589 1757 632 Fabium

147 662 166 692 9
194 651 386 700 orarent,
430 651 479 690 ut
515 649 633 691 abire
666 648 857 703 Capuam
895 651 989 690 tuto
1028 649 1195 703 liceret,
1238 649 1385 703 paucis
1419 649 1602 703 egressis
1647 649 1761 691 Mar-

194 709 323 750 cellus
361 711 552 762 portam,
597 723 681 763 qua
721 708 1068 764 egrediebantur,
1111 709 1352 763 occupavit,
1396 708 1628 763 caedesque
1659 724 1755 763 pro-

192 768 352 809 miscue
397 768 586 809 omnium
624 768 737 809 circa
774 769 945 821 portam
982 767 1142 821 primo,
1185 767 1334 809 deinde
1366 767 1611 821 inruptione
1643 768 1760 810 facta

125 840 167 871 10
196 827 325 868 etiam
357 827 403 867 in
428 827 532 868 urbe
558 827 650 868 fieri
677 829 828 881 coepta
854 829 930 868 est.
981 827 1293 881 quinquaginta
1316 826 1404 867 fere
1430 827 1568 880 primo
1596 828 1758 883 egressi

194 884 525 940 Campanorum,
558 900 653 927 cum
686 886 738 926 ad
764 884 943 926 Fabium
977 885 1290 940 confugissent,
1321 885 1535 940 praesidio
1569 887 1658 928 eius
1679 885 1760 929 Ca-

193 960 323 1000 puam
355 947 652 999 pervenerunt.
704 943 942 985 Casilinum
966 944 1077 986 inter
1103 944 1330 998 conloquia
1357 945 1759 1001 cunctationemque

125 1018 166 1047 11
193 1004 432 1058 petentium
464 1004 591 1044 fidem
624 1018 699 1057 per
732 1004 1002 1045 occasionem
1035 1006 1206 1057 captum
1239 1006 1323 1057 est,
1364 1003 1603 1057 captivique
1636 1003 1759 1046 Cam-

192 1078 404 1117 panorum
438 1063 593 1118 quique
613 1062 871 1104 Hannibalis
904 1062 1090 1103 militum
1122 1064 1244 1104 erant
1269 1061 1452 1104 Romam
1484 1063 1607 1104 missi
1634 1067 1761 1118 atque

193 1122 253 1163 ibi
291 1123 335 1163 in
373 1136 539 1164 carcere
577 1121 733 1163 inclusi
773 1124 889 1175 sunt3
935 1122 1249 1176 oppidanorum
1287 1122 1416 1162 turba
1446 1135 1522 1175 per
1552 1121 1759 1165 finitimos

194 1182 377 1236 populos
411 1182 456 1222 in
488 1181 726 1223 custodiam
759 1181 907 1222 divisa.

315 1240 477 1290 Quibus
511 1240 658 1282 diebus
693 1255 718 1281 a
745 1238 933 1281 Casilino
966 1254 1011 1281 re
1043 1240 1152 1281 bene
1185 1241 1308 1294 gesta
1338 1253 1551 1281 recessum
1584 1242 1666 1295 est,
1698 1241 1761 1282 eis

197 1299 415 1341 Gracchus
448 1300 492 1340 in
512 1299 696 1341 Lucanis
729 1300 893 1354 aliquot
919 1299 1115 1341 cohortes
1148 1300 1193 1340 in
1220 1313 1268 1340 ea
1294 1299 1469 1353 regione
1496 1300 1761 1354 conscriptas

148 1372 167 1402 2
197 1374 289 1400 cum
321 1358 537 1413 praefecto
571 1359 734 1400 socium
766 1359 810 1399 in
843 1372 970 1413 agros
1003 1358 1193 1400 hostium
1224 1358 1476 1412 praedatum
1507 1358 1638 1400 misit.
1688 1373 1762 1401 eos

196 1419 327 1460 effuse
368 1419 537 1472 palatos
568 1417 724 1459 Hanno
758 1418 932 1460 adortus
964 1417 1079 1459 haud
1111 1418 1246 1459 multo
1279 1417 1503 1473 minorem,
1547 1432 1676 1472 quam
1709 1419 1763 1459 ad

195 1545 270 1569 non
294 1535 518 1577 succedebat,
548 1535 622 1579 vgl.
650 1539 704 1577 26,
733 1538 752 1569 5
786 1536 939 1569 consilia

190 1582 413 1626 procedunt;
434 1583 536 1616 sonst
555 1582 789 1626 gewohnlich
806 1593 936 1626 unper-

197 1629 357 1673 s'onlich,
395 1629 465 1663 wie
492 1633 554 1673 38,
595 1634 615 1663 3
647 1630 777 1672 fraudi
801 1641 939 1674 parum

196 1677 368 1719 succedit,
396 1676 456 1719 25,
493 1680 554 1717 37,
582 1680 625 1711 19
663 1678 697 1711 si
720 1678 940 1712 successisset

197 1724 338 1768 coeptis.
390 1724 489 1758 Ganz
515 1723 667 1758 ἶ[1111111611
692 1723 762 1758 wie
795 1735 843 1758 an
873 1736 937 1758 un-

197 1782 294 1806 serer
309 1770 424 1805 Stelle
445 1771 611 1805 dasselbe
627 1771 791 1806 Verbum
805 1772 842 1805 in
862 1782 940 1805 ver-

197 1818 411 1853 schiedener
436 1818 655 1863 Bedeutung
674 1819 770 1852 nach
790 1819 941 1852 kurzem

197 1865 494 1900 Zwischenraum
508 1866 728 1901 wiederholt
747 1865 806 1909 ist,
826 1866 941 1900 findet

198 1913 277 1947 sich
304 1917 358 1955 13,
386 1917 404 1947 7
434 1913 597 1956 Poenus,
632 1917 674 1947 ut
703 1914 797 1947 nihil
820 1924 941 1958 proce-

198 1961 313 2004 debat,
341 1961 389 1994 ad
407 1961 667 2004 populandum
696 1972 825 2005 ayrum
844 1961 942 1995 Nea-

192 2008 401 2051 politanum
426 2008 607 2052 processit.

246 2055 354 2089 iuaeta
372 2055 529 2099 magnis]
540 2056 699 2090 =iuoeta
714 2066 756 2090 ac
774 2066 941 2099 maynas,

200 2101 297 2135 denn
329 2103 436 2136 iuoeta
461 2103 666 2146 gebraucht
696 2103 736 2136 L.
764 2114 944 2147 synonym

199 2148 270 2182 mit
285 2150 426 2192 pariter
450 2150 536 2193 (vgl.
558 2149 617 2192 28,
639 2154 695 2192 20,
717 2154 736 2184 6
758 2150 945 2184 trucidant

199 2196 348 2230 inermis
373 2197 480 2230 iuxta
507 2200 611 2240 atque
637 2200 811 2235 armatos,
843 2197 944 2239 femi-

199 2253 268 2277 nas
290 2243 433 2286 pariter
459 2254 502 2277 ac
521 2245 647 2287 viros);
674 2243 945 2278 beideWorter

200 2289 268 2324 hat
287 2301 325 2324 er
339 2289 379 2334 je
399 2290 536 2324 einmal
556 2290 626 2324 mit
646 2290 729 2324 dem
748 2290 832 2324 Dat.
853 2292 945 2324 statt

201 2337 271 2371 mit
296 2348 339 2371 ac
369 2337 601 2371 verbunden·
627 2338 734 2371 iuxta
759 2336 850 2380 hier,
871 2348 943 2390 pa.-

200 2385 289 2419 riter
321 2383 476 2428 38,1e‚
515 2389 556 2419 10
588 2388 629 2418 ut
646 2385 810 2438 (grentes),
841 2385 945 2428 pari-

201 2434 254 2466 ter
279 2413 427 2466 ultim'ae
446 2432 680 2476 propinquis,
705 2432 855 2476 imperio
879 2442 945 2475 pa-

202 2490 261 2513 rer
263 2483 330 2514 ent

251 2530 281 2560 7.
320 2527 436 2560 tenuit
461 2526 520 2572 ne]
548 2526 620 2571 vgl.
649 2525 709 2570 23,
742 2529 796 2568 20,
825 2529 868 2559 10
897 2528 945 2559 te—

204 2584 294 2607 nuci
296 2577 363 2607 unt
383 2574 581 2617 optimates,
607 2577 648 2607 ut
666 2574 788 2608 urbem
808 2584 850 2608 ac
869 2584 946 2607 mu—

202 2630 261 2654 ros
286 2622 490 2663 flammarent
524 2620 815 2663 durchsetzen'3
848 2620 948 2655 sonst

198 2668 408 2711 pervincere
433 2671 484 2709 ut,
511 2680 539 2702 z.
567 2668 606 2702 Β.
633 2668 692 2711 23,
721 2672 752 2711 5,
781 2672 810 2704 1.

250 2715 440 2760 momenta]
479 2715 543 2749 der
582 2714 665 2749 Satz
703 2715 794 2749 wird
832 2714 948 2749 leicht

203 2762 423 2796 verstanden
459 2773 523 2796 aus
557 2761 658 2797 Caes,
680 2762 737 2797 BC
764 2760 804 2805 3,
839 2765 899 2805 70,
925 2765 945 2795 2

204 2808 260 2842 ita
274 2820 415 2852 parvae
434 2820 489 2843 res
509 2820 680 2853 maynum
698 2810 740 2843 in
759 2813 947 2853 utramque

204 2866 277 2889 rem
302 2859 515 2890 momentum
541 2857 766 2898 habuerunt;
791 2856 864 2900 vgl.
885 2855 945 2899 23,

205 2905 261 2945 39,
288 2907 308 2935 4
335 2906 476 2937 tantum
500 2904 606 2937 navis
631 2914 709 2938 una
734 2907 841 2947 capta
867 2914 946 2938 cum

1011 1535 1137 1579 leyatz's
1161 1534 1329 1568 momenti
1358 1534 1443 1576 fecit
1473 1534 1522 1568 ad
1547 1535 1759 1569 dilationem

1010 1582 1222 1616 inminentis
1263 1581 1355 1615 belli.
1411 1580 1480 1615 Die
1516 1581 1637 1616 Sache
1669 1582 1764 1626 also,

1011 1629 1078 1663 auf
1094 1628 1234 1663 welche
1255 1628 1314 1662 ein
1336 1628 1658 1663 ‘entscheidender
1671 1629 1759 1663 Ein-

1012 1676 1114 1710 fluss’
1144 1675 1328 1720 ausgeiibt
1346 1675 1449 1718 wird,
1477 1676 1577 1710 steht
1602 1675 1671 1709 mit
1698 1677 1758 1711 ad.

1014 1723 1095 1768 (29,
1127 1727 1185 1766 35,
1228 1727 1271 1756 12
1306 1734 1459 1767 quorum
1485 1723 1660 1757 adventus
1698 1724 1765 1757 hoc

1012 1771 1179 1805 momenti
1203 1770 1304 1813 fecit,
1337 1773 1378 1804 ut
1403 1769 1529 1813 Scipio
1563 1770 1763 1805 abscederet

1014 1819 1127 1853 inrito
1141 1818 1299 1861 incepto:
1318 1818 1437 1861 hangt
1456 1821 1496 1851 ut
1517 1828 1588 1852 von
1604 1818 1668 1851 hoc
1687 1817 1761 1861 ab).

1061 1865 1175 1899 inrito
1189 1866 1329 1908 incepto
1344 1864 1522 1910 abiretur]
1545 1864 1618 1909 vgl.
1641 1864 1676 1907 2,
1693 1869 1723 1908 7,
1741 1869 1758 1898 1

1015 1917 1056 1947 ut
1080 1913 1213 1947 omissa
1236 1913 1348 1946 irrita
1371 1923 1410 1946 re
1435 1913 1585 1946 abirent.
1626 1911 1660 1956 5,
1681 1916 1714 1955 4,
1741 1916 1758 1945 1

1016 1961 1189 1995 abducere
1205 1959 1340 2002 infecta
1359 1970 1398 1994 re
1423 1971 1446 1994 a
1467 1959 1548 1994 Veis
1567 1960 1763 1994 eoeercitum

1015 2008 1220 2043 noluerunt.

1065 2059 1096 2089 8.
1135 2054 1259 2088 omnia
1284 2053 1377 2099 alia]
1406 2065 1433 2088 S.
1460 2066 1504 2088 zu
1532 2057 1588 2097 22,
1616 2057 1671 2088 15.

1065 2106 1096 2136 9.
1126 2102 1261 2145 paucis
1298 2101 1458 2146 eyressis]
1498 2113 1541 2134 zu
1579 2104 1762 2145 erg'anzen

1020 2149 1131 2183 ‘nach
1156 2147 1405 2192 Bewilligung
1440 2148 1503 2182 des
1540 2147 1656 2182 freien
1687 2147 1761 2181 Ab·

1017 2208 1059 2230 zu
1089 2195 1133 2231 ε’.

1062 2208 1119 2276 2(130.
1153 2241 1355 2286 praesidz'o]
1403 2241 1567 2275 ‘Schutz’
1612 2240 1681 2275 wie
1726 2240 1762 2284 1,

1019 2294 1078 2332 18,
1113 2293 1133 2323 3
1166 2299 1234 2332 quo
1266 2288 1454 2332 praesidio
1486 2298 1582 2322 unus
1609 2299 1680 2332 per
1711 2291 1765 2322 tot

1015 2340 1134 2382 yentes
1153 2334 1400 2380 pervenisset?

1065 2383 1129 2419 20.
1167 2382 1334 2417 Fabius
1366 2383 1616 2417 verwfistet
1641 2381 1762 2416 Sam-

1018 2431 1148 2465 nium.
1199 2429 1429 2464 Hannibal
1466 2441 1543 2464 vor
1578 2429 1763 2464 Tarent.

1068 2483 1096 2513 1.
1137 2488 1216 2512 cum
1236 2477 1420 2521 praefecto
1451 2477 1602 2522 socium]
1640 2476 1763 2510 ‘unter

1019 2526 1084 2560 der
1109 2524 1346 2569 Anfl'ihrung’
1376 2526 1429 2568 (so
1449 2524 1489 2558 L.
1511 2524 1600 2568 oft);
1626 2523 1762 2557 wollen

1018 2574 1086 2607 wir
1114 2572 1210 2606 ‘mit'
1240 2583 1364 2615 sagen,
1390 2582 1429 2605 so
1455 2582 1554 2605 muss
1579 2570 1645 2604 das
1673 2569 1766 2604 Ver-

1018 2619 1158 2654 baltnis
1176 2618 1398 2663 umgekehrt
1417 2617 1579 2652 werden:
1609 2616 1684 2651 ‘ein
1701 2627 1760 2660 pr.

1019 2679 1046 2702 s.
1060 2667 1129 2701 mit
1149 2665 1294 2711 einigen
1311 2664 1523 2700 Cohorten’.
1555 2664 1624 2698 Die
1638 2663 1760 2708 praef.

1019 2725 1044 2749 3.
1084 2725 1207 2748 waren
1231 2713 1340 2747 meist
1377 2712 1495 2746 selbst
1527 2711 1678 2754 Romer,
1721 2721 1762 2745 so

1019 2762 1114 2796 auch
1140 2765 1197 2803 40,
1223 2764 1244 2795 8
1264 2761 1336 2794 duo
1355 2760 1458 2793 milia
1476 2759 1632 2793 militum
1650 2758 1763 2791 mittit

1020 2820 1098 2844 cum
1130 2807 1314 2853 praefecto
1355 2807 1492 2841 socium
1530 2805 1570 2850 Q.
1608 2805 1760 2839 Naevio.

1019 2861 1075 2900 36,
1102 2861 1122 2891 3
1148 2865 1257 2889 naves
1289 2855 1416 2898 lonqae
1446 2863 1526 2887 cum
1556 2852 1763 2886 Bomilcare

1018 2904 1143 2938 classis
1157 2901 1369 2946 praefecto
1354 2912 1395 2935 zn
1403 2903 1552 2944 portum
1566 2900 1762 2934 decurrere.
