1882 3163
133 1288 153 1319 8
180 1277 349 1318 bantur.

110 1575 165 1616 28

179 103 234 144 48
621 103 767 138 LIBER
792 103 943 138 XXIIII.
971 103 1072 139 CAP.
1100 108 1155 139 27.
1183 107 1238 139 28.

1526 121 1551 140 a.
1577 122 1605 140 u.
1631 122 1655 141 c.
1681 116 1743 142 540.

131 223 152 253 3
178 215 397 267 praetores
449 212 717 253 dissimulare
767 212 905 266 primo
957 214 1000 253 et
1048 213 1194 254 intenti
1242 212 1474 255 trahendae
1524 213 1585 254 rei
1629 228 1740 266 esse3

178 274 397 326 postremo
436 271 536 312 victi
576 285 785 313 consensu
825 274 867 313 et
905 271 1158 313 seditionem
1193 274 1431 312 metuentes
1462 273 1742 326 pronuntiant

179 345 250 372 eos
283 333 517 385 praetores.

296 388 385 431 Nec
424 390 486 430 illi
527 389 666 444 primo
711 390 858 430 statim
890 390 1019 430 creati
1050 389 1212 430 nudare
1246 389 1348 444 quid
1379 390 1551 440 vellent,
1596 405 1743 445 quam-

180 464 306 503 quam
340 462 465 504 aegre
496 449 694 489 ferebant
726 450 768 489 et
801 448 851 489 de
883 448 1061 489 indutiis
1095 449 1259 489 dierum
1288 448 1432 490 decem
1463 449 1630 503 legatos
1657 450 1741 491 isse

180 508 233 549 ad
267 508 456 562 Appium
489 506 716 549 Claudium
767 510 810 549 et
846 508 1073 562 inpetratis
1113 508 1173 548 eis
1212 508 1337 560 alios,
1381 507 1454 562 qui
1493 508 1543 549 de
1574 508 1741 550 foedere

133 578 152 608 5
180 567 357 622 antiquo
389 567 635 608 renovando
669 569 864 622 agerent,
895 567 1062 608 missos.
1113 567 1166 608 ad
1191 566 1480 621 Murgantiam
1512 570 1604 608 tum
1637 567 1742 609 clas-

181 640 270 667 sem
302 626 475 667 navium
508 628 680 667 centum
706 625 925 668 Romanus
951 626 1156 680 habebat,
1189 640 1377 680 quonam
1403 625 1629 667 evaderent
1653 641 1742 669 mo·

178 688 248 727 tus
288 700 338 726 ex
378 686 576 727 caedibus
608 688 890 739 tyrannorum
923 686 1006 726 orti
1038 683 1280 739 Syracusis,
1324 699 1460 740 quove
1492 699 1563 726 eos
1596 688 1744 741 ageret

132 756 152 786 6
178 759 291 786 nova
324 747 451 799 atque
482 745 658 786 insolita
689 745 885 797 libertas,
919 745 1156 798 opperiens.

1218 758 1293 798 per
1325 743 1495 786 eosdem
1532 744 1620 785 dies
1647 760 1743 786 cum

180 803 234 845 ad
271 803 521 845 Marcellum
561 804 805 845 venientem
846 804 891 843 in
930 801 1119 843 Siciliam
1159 803 1292 857 legati
1325 801 1584 856 Syracusani
1625 804 1745 845 missi

180 863 233 904 ab
267 862 409 917 Appio
443 866 601 916 essent,
635 862 792 903 auditis
825 862 1144 903 condicionibus
1176 862 1293 915 pacis
1325 861 1572 916 Marcellus,
1616 877 1744 916 posse

179 936 270 963 rem
314 922 540 964 convenire
583 924 720 975 ratus,
766 923 808 962 et
851 921 941 975 ipse
984 921 1149 975 legatos
1184 919 1438 974 Syracusas,
1484 922 1555 976 qui
1601 936 1744 963 coram

132 992 152 1023 ’7
181 996 278 1023 011111
309 981 578 1035 praetoribus
612 980 662 1021 de
695 980 939 1021 renovando
971 979 1142 1021 foedere
1175 982 1372 1034 agerent,
1410 980 1539 1021 misit.
1590 983 1632 1021 et
1658 981 1744 1021 iam

178 1041 240 1082 ibi
283 1055 552 1094 nequaquam
596 1039 742 1080 eadem
786 1039 904 1093 quies
949 1053 996 1080 ac
1037 1038 1329 1093 tranquillitas
1363 1041 1466 1079 erat.
1515 1041 1745 1093 postquam

178 1098 386 1140 Punicam
431 1100 611 1140 classem
656 1099 883 1140 accessisse
923 1097 1176 1152 Pachynum
1221 1097 1398 1138 allatum
1444 1100 1526 1152 est,
1574 1098 1746 1153 dempto

178 1159 332 1200 timore
363 1157 648 1212 Hippocrates
687 1160 730 1198 et
759 1157 977 1211 Epicydes
1015 1171 1129 1198 nunc
1168 1156 1279 1210 apud
1321 1157 1638 1198 mercennarios
1670 1157 1746 1198 mi-

179 1218 294 1270 lites,
327 1232 439 1258 nunc
473 1217 584 1271 apud
616 1217 864 1272 transfugas
896 1216 1019 1271 prodi
1050 1215 1244 1258 Romano
1278 1214 1514 1269 Syracusas
1547 1216 1745 1257 crimina-

400 1280 448 1318 ut
480 1291 578 1318 vero
599 1275 766 1330 Appius
799 1290 929 1317 naves
958 1275 1011 1316 ad
1037 1276 1196 1316 ostium
1221 1277 1390 1328 portus,
1424 1289 1506 1330 quo
1528 1275 1744 1316 Romanae

182 1336 320 1390 partis
352 1336 595 1377 hominibus
629 1336 797 1376 animus
831 1334 1065 1385 accederet,
1109 1335 1155 1375 in
1189 1334 1374 1375 statione
1406 1334 1563 1375 habere
1596 1335 1746 1388 coepit,

136 1408 155 1438 9
183 1396 336 1449 ingens
363 1395 408 1436 in
441 1396 626 1449 speciem
658 1394 906 1436 criminibus
938 1394 1061 1435 vanis
1095 1395 1333 1434 accesserat
1363 1393 1485 1447 fides,
1528 1407 1576 1434 ac
1607 1393 1746 1447 primo

182 1455 312 1495 etiam
354 1454 618 1496 tumultuose
661 1454 903 1495 decurrerat
934 1453 1163 1494 multitudo
1197 1452 1250 1493 ad
1281 1451 1589 1506 prohibendos,
1633 1452 1669 1493 si
1701 1452 1747 1494 in

179 1517 245 1554 ter
247 1528 338 1554 ram
372 1514 684 1568 egrederentur.

300 1572 351 1613 In
383 1573 462 1614 hac
494 1572 740 1613 turbatione
772 1586 914 1612 rerum
938 1571 982 1611 in
1009 1571 1252 1612 contionem
1279 1570 1421 1611 vocari
1448 1570 1622 1624 placuit
1671 1570 1745 1611 ubi

181 1646 274 1672 cum
310 1632 382 1672 alii
415 1631 498 1672 alio
530 1632 772 1684 tenderent,
817 1645 894 1672 nec
926 1630 1078 1684 procul
1111 1630 1319 1670 seditione
1351 1643 1418 1670 res
1451 1631 1580 1682 esset,
1612 1627 1744 1683 Apol-

229 1752 261 1783 3.
288 1748 533 1793 dissimulare]
566 1748 698 1782 thaten
732 1747 786 1781 als
820 1758 927 1780 wenn

181 1795 233 1830 sie
260 1807 297 1830 es
323 1794 427 1829 nicht
452 1796 596 1829 hol-ten.

230 1847 262 1876 4.
289 1843 469 1888 Appium]
498 1854 589 1883 s.,zu
611 1846 665 1885 10,
693 1846 723 1876 3.
751 1841 926 1875 Derselbe

182 1890 290 1924 stand
322 1889 417 1924 nach
458 1894 488 1933 7,
528 1893 547 1924 9
594 1901 640 1923 an
684 1889 748 1924 der
788 1888 926 1923 Grenze

182 1938 245 1971 des
272 1938 436 1981 syrakus.
463 1937 630 1971 Reiches
681 1937 753 1971 Der
767 1935 928 1970 Waffen-

182 1985 370 2018 stillstand
396 1984 466 2018 soll
491 1984 562 2018 den
588 1983 730 2028 taglich
757 1986 928 2017 erwarte-

181 2033 245 2065 ten
271 2032 345 2065 und
371 2032 471 2065 wohl
496 2043 564 2065 nur
584 2042 713 2076 wegen
740 2031 804 2064 der
831 2030 927 2064 nahe

181 2078 500 2113 bevorstehenden
532 2078 700 2112 Ankunft
734 2078 797 2112 des
833 2078 927 2111 Mar-

183 2125 514 2168 0011113,3.21,1,
553 2126 830 2159 unterlassenen
854 2124 928 2158 An-

182 2172 270 2216 griff
300 2153 632 2215 hinausschieben,
662 2172 718 2205 bis
755 2171 833 2206 sich
869 2170 926 2205 die

182 2219 438 2254 Verbaltnisse
487 2219 524 2253 in
569 2219 730 2262 Syrakus
781 2218 929 2262 geklart

183 2266 318 2300 haben.

231 2318 262 2348 5.
298 2314 485 2348 evaderent
517 2334 559 2338 —
596 2312 731 2357 ageret]
767 2311 826 2345 fiir
858 2311 929 2345 den

185 2359 288 2405 Conj.
327 2361 421 2404 Fut„
461 2361 530 2395 wie
568 2359 803 2405 gewohnlich
834 2358 929 2392 nach

184 2408 253 2442 den
280 2408 427 2442 Verben
454 2408 517 2442 des
543 2408 762 2442 Erwartens.

231 2455 488 2501 tmarmmum]
519 2455 599 2489 ‘der
622 2452 930 2488 Herrscherfami-

183 2502 248 2536 lie’
277 2503 346 2537 wie
373 2502 428 2537 oft
452 2513 560 2546 70qu
586 2515 613 2536 z.
641 2502 680 2535 B.
708 2501 742 2543 2,
769 2505 801 2544 5,
828 2500 930 2534 scli-

183 2550 295 2593 reptis
326 2551 428 2584 bom's
459 2561 581 2594 70977777
612 2549 778 2583 damnati
804 2547 929 2592 prodi-

183 2600 285 2631 tores.

232 2644 354 2689 quove]
385 2643 488 2678 ‘und’
513 2643 652 2677 wohin:
679 2642 930 2685 Fortstihrung

186 2690 286 2725 einer
296 2692 425 2735 Frage,
439 2690 714 2735 gewohnlicher
727 2689 842 2723 durch
855 2691 928 2722 aut.

232 2739 396 2783 insolita]
425 2751 449 2772 s.
476 2750 519 2772 zu
545 2742 577 2781 5,
604 2742 635 2771 9.

234 2790 264 2819 6.
305 2797 371 2828 per
409 2786 543 2819 eosdem
580 2785 669 2830 dies]
711 2784 774 2818 des
808 2783 929 2817 Nach-

186 2830 319 2865 drucks
342 2843 471 2876 wegen
492 2832 766 2876 vorangesteut,
798 2831 931 2875 gehort

188 2889 230 2911 zu
255 2880 456 2913 venientem.

1046 1756 1119 1779 ‘rem
1145 1745 1348 1790 convenire]
1370 1746 1473 1779 sonst
1492 1744 1586 1779 auch
1599 1755 1746 1789 unpers.

1000 1806 1027 1827 z.
1055 1793 1093 1826 B.
1120 1792 1155 1836 3,
1191 1796 1245 1835 31,
1273 1795 1293 1826 8
1326 1794 1368 1827 de
1400 1792 1535 1836 legibus
1570 1793 1744 1826 convenit.

1049 1868 1079 1898 Τ.
1113 1867 1144 1897 et
1175 1863 1265 1908 iam]
1302 1862 1497 1897 scheinbar
1531 1866 1628 1897 w'are
1664 1862 1745 1897 eine

1000 1910 1389 1954 Adversativpartikel
1431 1910 1647 1954 passender,
1691 1910 1744 1944 in-

1000 1958 1130 1993 dessen
1170 1958 1250 1992 Liv.
1287 1956 1463 1992 schreitet
1503 1956 1541 1991 in
1579 1957 1645 1991 der
1678 1956 1745 1990 Er-

1001 2005 1162 2050 zahlung
1192 2004 1301 2050 ruhig
1326 2005 1399 2039 fort
1425 2004 1589 2048 (ahnlich
1614 2008 1671 2047 31,
1700 2008 1739 2038 11

1001 2052 1075 2086 und
1119 2053 1252 2095 sonst),
1297 2052 1351 2085 als
1395 2063 1501 2085 wenn
1538 2062 1577 2085 er
1614 2052 1746 2096 gesagt

1000 2100 1121 2134 hatte:
1168 2099 1257 2133 ‘und
1289 2098 1374 2133 dort
1404 2098 1541 2133 fanden
1577 2099 1628 2132 sie
1654 2098 1745 2132 alles

999 2147 1038 2180 in
1063 2148 1223 2190 grosster
1248 2146 1426 2180 Unruhe’.

1048 2221 1079 2251 8.
1112 2216 1213 2261 fides]
1250 2215 1523 2259 ‘Bestatigung’
1559 2214 1746 2259 (passiven

1002 2263 1131 2298 Sinnes
1158 2264 1227 2297 wie
1253 2266 1308 2305 29,
1336 2264 1384 2306 5).

1049 2333 1112 2369 28.
1163 2332 1649 2377 Volksversammlung
1697 2332 1744 2366 in

1003 2381 1216 2425 syrakus.
1266 2379 1560 2424 Hinneigung
1585 2392 1636 2414 zu
1661 2380 1744 2413 den

1001 2430 1033 2462 R
1041 2433 1061 2462 ὃ
1072 2440 1106 2462 m
1116 2440 1135 2462 e
1145 2440 1202 2461 rn.

1052 2480 1067 2509 1
1075 2503 1082 2510 .
1126 2476 1165 2509 in
1204 2475 1270 2509 hac
1308 2474 1527 2519 turbatione]
1571 2473 1745 2518 gewohn-

1001 2523 1118 2557 licher
1141 2522 1192 2556 ist
1217 2522 1282 2556 das
1304 2521 1473 2565 Compos.
1494 2521 1722 2565 perturbatio
1734 2533 1747 2562 ,-

1002 2570 1075 2614 vgl.
1098 2574 1153 2612 35,
1181 2573 1197 2603 1
1226 2571 1267 2603 i‘n
1291 2572 1389 2603 motu
1414 2579 1544 2602 rerum.
1578 2567 1637 2611 25,
1664 2571 1696 2610 3,
1723 2570 1743 2601 8

1003 2628 1081 2651 cum
1105 2627 1235 2661 mayno
1261 2620 1358 2650 motu
1383 2626 1511 2650 rerum.

1049 2688 1090 2721 in
1110 2688 1307 2721 contionem
1319 2687 1443 2720 vocari
1456 2684 1743 2730 placuit].n²aml.

997 2735 1196 2779 populum,-
1227 2733 1501 2779 gewohnlicher
1531 2731 1581 2766 ist
1611 2733 1743 2766 contio-

1002 2793 1081 2816 770777
1106 2783 1229 2816 vocari
1251 2781 1402 2825 placuit,
1435 2779 1529 2813 doch
1555 2779 1589 2823 2,
1616 2782 1672 2821 55,
1701 2782 1742 2813 10

1004 2840 1080 2863 cum
1116 2830 1157 2863 in
1189 2832 1352 2863 senatum
1390 2827 1512 2861 vocari
1545 2826 1744 2869 iussissent,

1003 2879 1214 2920 qtaermztwr.
