1882 3163
622 123 769 158 LIBER
795 124 891 160 XXI.
943 124 1046 161 CAP.
1073 128 1129 160 28.
1157 129 1212 160 29.
1654 126 1711 168 55

145 235 233 274 stat
269 232 435 274 ratibus
474 231 697 286 traiectos;
738 232 782 273 id
814 235 864 273 ut
895 233 1034 274 tutius
1068 233 1296 275 consilium
1330 237 1429 275 ante
1462 247 1551 274 rem
1586 232 1710 288 foret,

142 291 204 333 ita
229 294 325 333 acta
350 306 395 336 re
427 290 479 332 ad
506 290 634 332 fidem
653 290 831 345 pronius
858 293 937 334 est.
979 295 1117 333 ratem
1138 307 1268 334 unam
1296 292 1502 334 ducentos
1529 292 1702 347 longam
1725 299 1743 329 7

142 350 271 405 pedes
299 349 617 404 quinquaginta
644 350 777 391 latam
806 365 831 391 a
850 353 967 392 terra
987 350 1032 392 in
1054 365 1224 392 amnem
1244 354 1540 406 porrexerunt,
1567 366 1711 406 quam,

141 423 195 451 ne
228 409 414 451 secunda
447 423 559 463 aqua
592 408 847 464 deferretur,
889 409 1084 464 pluribus
1118 409 1272 451 validis
1304 410 1554 452 retinaculis
1586 413 1710 465 parte

141 468 360 523 superiore
390 467 510 522 ripae
542 468 772 522 religatam
803 468 950 523 pontis
981 469 1026 510 in
1057 469 1232 510 modum
1258 468 1391 510 humo
1422 469 1582 511 iniecta
1614 484 1709 512 con—

142 529 408 581 straverunt,
439 530 489 568 ut
520 526 674 568 beluae
708 527 912 569 audacter
942 527 1063 569 velut
1094 542 1171 582 per
1203 528 1342 569 solum
1369 528 1708 583 ingrederentur.

140 586 275 628 altera
312 586 418 627 ratis
459 600 592 640 aeque
631 586 738 641 lata,
777 586 908 642 longa
948 586 1079 641 pedes
1113 590 1303 641 centum,
1341 586 1393 628 ad
1425 587 1707 630 traiciendum
1729 594 1749 626 8

139 644 299 687 flumen
338 647 459 699 apta,
497 644 597 686 huic
635 645 836 700 copulata
877 648 961 701 est3
1000 649 1093 687 tum
1134 646 1353 701 elephanti
1391 660 1467 700 per
1505 647 1707 688 stabilem

138 707 277 746 ratem
323 708 544 759 tamquam
586 704 702 745 viam
744 704 1147 758 praegredientibus
1192 704 1366 747 feminis
1412 706 1498 746 acti
1542 706 1617 747 ubi
1662 706 1707 747 in

137 763 348 804 minorem
370 763 632 818 applicatam
653 763 916 818 transgressi
937 766 1055 819 sunt,
1077 764 1296 819 extemplo
1310 764 1533 818 resolutis,
1548 765 1704 819 quibus
1727 773 1746 803 9

136 822 294 864 leviter
325 822 490 863 adnexa
522 826 633 877 erat,
665 823 869 878 vinculis,
912 823 965 864 ab
1001 823 1204 865 actuariis
1238 823 1407 878 aliquot
1437 823 1620 865 navibus
1653 824 1706 865 ad

135 881 319 923 alteram
357 881 498 936 ripam
536 882 814 936 pertrahitur.

134 941 309 995 repetiti
342 955 390 982 ac
421 940 593 982 traiecti
625 944 738 982 sunt.

883 882 945 923 ita
986 882 1137 936 primis
1180 882 1388 937 expositis
1432 882 1506 924 alii
1549 882 1703 925 deinde
1726 892 1768 922 10

799 940 909 982 nihil
936 956 1038 982 sane
1071 941 1368 996 trepidabant,
1400 941 1534 984 donec
1567 942 1703 984 conti-

133 1001 254 1041 nenti
292 999 412 1041 velut
449 1003 583 1054 ponte
626 1003 876 1055 agerentur,
913 1000 1079 1055 primus
1114 1004 1207 1042 erat
1238 1015 1392 1056 pavor,
1431 1015 1527 1042 cum
1561 1001 1705 1043 soluta

135 1058 188 1100 ab
232 1059 386 1100 ceteris
431 1061 523 1100 rate
567 1058 612 1100 in
658 1059 793 1100 altum
832 1062 1095 1114 raperentur.

134 1117 386 1159 cedentibus
414 1118 617 1159 extremis
645 1118 698 1159 ab
732 1133 842 1173 aqua
869 1118 1175 1173 trepidationis
1209 1119 1478 1174 aliquantum
1506 1119 1704 1175 edebant,

132 1176 267 1218 donee
305 1177 494 1232 quietem
534 1176 627 1231 ipse
659 1177 791 1219 timor
823 1177 1283 1232 circumspectantibus
1325 1193 1481 1233 aquam
1514 1178 1703 1221 fecisset.

134 1236 326 1277 excidere
358 1236 489 1278 etiam
524 1237 765 1278 saevientes
799 1236 974 1291 quidam
1005 1237 1050 1278 in
1076 1237 1257 1291 flumen,
1291 1237 1364 1279 sed
1391 1237 1578 1292 pondere
1604 1237 1701 1293 ipso
1724 1247 1765 1277 12

132 1294 313 1336 stabiles
358 1295 534 1336 deiectis
579 1295 820 1337 rectoribus
872 1296 1125 1350 quaerendis
1170 1296 1438 1351 pedetentim
1482 1297 1603 1338 vadis
1655 1297 1701 1339 in

131 1356 294 1396 terram
328 1368 513 1396 evasere.

250 1412 365 1455 Dum
410 1413 631 1468 elephanti
673 1413 952 1469 traiciuntur,
1003 1414 1178 1456 interim
1222 1413 1443 1456 Hannibal
1486 1413 1699 1456 Numidas
1716 1415 1770 1457 29

174 1576 280 1621 foret]
321 1587 451 1621 wegen
490 1576 555 1610 des
600 1576 639 1610 in
682 1581 767 1611 ante
803 1588 877 1612 rem

128 1624 250 1667 (wenn
288 1622 348 1658 die
387 1623 506 1658 Sache
544 1623 640 1658 noch
677 1623 783 1658 nicht
814 1635 876 1669 ge—

127 1670 292 1705 schehen
317 1673 427 1715 ware)
459 1670 660 1715 liegenden
682 1671 877 1706 Konditio-

127 1717 384 1763 nalbegriffes3
412 1729 456 1752 zu
483 1729 512 1752 c.
540 1723 596 1761 21,
614 1723 644 1753 1.

168 1766 326 1809 pronius
351 1766 415 1811 est]
443 1767 560 1811 magis
578 1766 748 1809 inclinat,
774 1766 876 1800 wah-

126 1812 218 1846 rend
250 1814 355 1847 sonst
379 1824 522 1858 pronus
553 1814 594 1848 in
625 1813 768 1857 aliquid
803 1824 876 1847 von

126 1858 328 1894 Menschen
358 1860 567 1904 gebraucht
595 1859 704 1902 wird3
742 1860 877 1894 anders

121 1907 277 1951 propius
299 1907 404 1950 fidem
424 1911 474 1941 est
493 1906 533 1950 ⁶2,
549 1911 612 1949 41,
628 1912 688 1948 11;
715 1906 755 1950 4,
774 1911 827 1950 17,
844 1912 875 1942 5.

176 1969 205 1999 7.
250 1966 378 2011 unam]
419 1965 581 2000 welcher
620 1965 736 2000 selbst
780 1966 876 2000 nach

126 2011 205 2048 Pol.
233 2023 298 2047 aus
324 2012 415 2047 zwei
441 2012 571 2048 Teilen
595 2012 767 2048 bestand.

173 2060 331 2106 lonyam]
359 2071 489 2105 wegen
515 2060 580 2094 der
600 2059 876 2105 Wortstellung

124 2117 167 2140 zu
194 2118 223 2143 c.
251 2110 288 2149 8,
306 2112 360 2142 11.

171 2155 318 2200 validis]
347 2155 442 2189 ohne
469 2166 550 2199 que,
578 2166 623 2188 zu
650 2166 679 2190 c.
707 2159 739 2198 9,
755 2159 787 2190 3.

166 2206 273 2246 parte
298 2202 393 2247 sup]
421 2202 518 2236 nach
533 2201 611 2237 Pol.
633 2213 680 2236 an
694 2202 870 2238 Baumen.

171 2250 212 2283 in
225 2249 384 2294 modum]
402 2253 497 2292 c.41,
510 2253 546 2289 43
559 2249 620 2292 24,
633 2253 688 2291 21,
707 2254 760 2293 12,
775 2250 870 2284 auch

123 2297 226 2332 modo
245 2296 314 2331 mit
333 2296 549 2340 folgendem
569 2296 738 2340 Genetiv,
761 2309 790 2331 c.
813 2301 868 2340 30,

124 2347 145 2379 8
172 2355 205 2378 u.
232 2347 294 2386 33,
317 2348 335 2378 7
363 2343 424 2378 bei
452 2343 713 2388 Vergleichen.

171 2407 203 2438 8.
241 2403 344 2447 apta]
380 2401 464 2436 weil
502 2413 541 2436 er
578 2402 695 2436 durch
721 2402 782 2438 die
809 2407 867 2445 §9

124 2450 339 2485 erwahnten
397 2450 585 2484 actuariae
641 2461 751 2485 naves
805 2461 869 2495 ge-

123 2497 298 2542 schleppt
323 2496 459 2531 wurde.

169 2544 330 2589 feminis]
347 2543 425 2578 Pol.
442 2542 509 2578 δύο
536 2542 769 2587 προθέμενοι
798 2546 867 2587 θη-

123 2593 233 2631 λείας.

171 2655 202 2684 9.
246 2650 440 2695 actuarzzsl
487 2649 604 2684 leicht
646 2649 867 2694 beweglich,

122 2698 218 2731 nach
263 2696 332 2739 38,
372 2700 435 2739 38,
476 2701 496 2731 8
547 2696 616 2730 mit
665 2697 866 2731 hochstens

123 2743 271 2789 dreissig
297 2725 463 2786 liudem,
492 2744 622 2786 25‚30,
640 2748 692 2778 10

172 2807 224 2838 10.
250 2803 405 2848 repetiti]
435 2802 514 2836 aufs
540 2813 634 2837 neue
660 2802 782 2838 holen.

171 2851 306 2895 ceteris-l
356 2849 440 2884 weil
484 2850 550 2884 der
593 2848 709 2893 grosse
754 2849 866 2883 unbe-

123 2896 304 2941 wegliche
329 2895 439 2939 Floss,
473 2896 544 2930 den
571 2896 608 2931 L.
636 2901 654 2937 ξ
677 2901 695 2930 7
724 2897 778 2930 als
807 2896 866 2931 ein

952 1577 1095 1612 Ganzes
1107 1576 1315 1622 aufgefasst,
1335 1577 1432 1612 nach
1444 1577 1523 1614 Pol.
1540 1589 1605 1613 aus
1620 1589 1699 1613 ver—

951 1624 1178 1659 schiedenen
1185 1624 1329 1659 Flossen
1340 1636 1382 1658 zu
1388 1628 1701 1670 sammengesetzt

950 1683 1043 1712 war:
1089 1672 1225 1707 andere
1267 1672 1428 1707 nehmen
1472 1675 1596 1708 ceteris
1644 1673 1698 1707 als

949 1719 1142 1755 Neutrum.

997 1779 1038 1812 in
1063 1778 1193 1824 altum]
1233 1780 1338 1813 sonst
1361 1789 1434 1812 von
1471 1778 1538 1813 der
1574 1778 1698 1813 hohen

951 1824 1020 1860 See
1046 1825 1263 1870 gebraucht.

1000 1889 1054 1918 11.
1103 1888 1270 1929 uryentes
1319 1883 1467 1918 schrieb
1511 1884 1566 1927 L.,
1611 1884 1696 1919 weil

950 1930 1071 1965 seiner
1084 1930 1285 1966 Phantasie
1300 1931 1366 1965 das
1374 1931 1580 1966 Verhalten
1594 1931 1698 1967 einer

951 1977 1181 2013 Schafherde
1200 1978 1472 2021 vorschwebte,
1494 1978 1623 2013 womit
1641 1978 1695 2013 in-

950 2025 1084 2060 dessen
1119 2026 1184 2060 das
1220 2025 1397 2070 folgende
1431 2027 1591 2061 excidere
1621 2037 1695 2062 sae-

948 2074 1082 2108 vientes
1100 2072 1207 2107 nicht
1227 2072 1380 2107 stimmt.
1401 2072 1535 2117 Polyb.
1561 2072 1694 2126 τὰζῷα

951 2116 1148 2164 ἐστρέφετο
1171 2119 1290 2164 (nicht
1309 2119 1597 2164 συνεστρέφετο,
1624 2120 1694 2156 wie

945 2166 983 2201 L.
1005 2167 1228 2223 verstanden
1249 2179 1293 2201 zu
1311 2167 1433 2202 haben
1454 2167 1614 2213 scheint)
1630 2169 1693 2203 καὶ

945 2227 1041 2250 ’κατα
1068 2213 1191 2249 πάντα
1218 2213 1334 2249 ἳόπθν
1362 2228 1478 2259 ωρμα.

991 2263 1087 2297 inter
1111 2262 1219 2307 sej—
1184 2287 1219 2290 —
1238 2263 1306 2296 aliz·
1325 2263 1433 2305 alios,
1460 2261 1643 2307 reciprok.

994 2325 1046 2355 12
1086 2321 1260 2366 accidere]
1301 2320 1464 2356 insofern
1503 2321 1584 2356 ihre
1622 2321 1690 2356 Be-

942 2378 1151 2412 wegungen
1182 2367 1476 2410 unwillkrirlich,
1516 2368 1690 2402 instinkt-

943 2414 1072 2459 massig
1098 2425 1238 2456 war-em
1278 2414 1352 2450 Pol.
1386 2420 1418 2457 3,
1445 2419 1501 2456 46,
1532 2420 1570 2449 11
1607 2414 1689 2449 τινὰ

943 2460 983 2496 δὲ
1006 2460 1100 2517 nocte}
1121 2475 1234 2515 μεσον
1255 2460 1319 2495 τὸν
1339 2460 1457 2504 πόρον
1479 2459 1688 2505 ἀπέρριψεν

944 2508 996 2548 εἰς
1010 2507 1074 2543 τὸν
1088 2506 1258 2553 ποταμὸν
1275 2506 1371 2543 avt&
1390 2507 1453 2542 διὰ
1470 2523 1510 2543 τι
1516 2523 1535 2542 ν
1553 2507 1686 2554 φόβον.

984 2556 1215 2600 pedetentzm]
1250 2555 1356 2589 nicht
1385 2555 1477 2589 bloss
1509 2556 1686 2600 langsam,

942 2603 1101 2636 sondern
1127 2602 1350 2646 vorsichtig,
1389 2602 1593 2647 angstlich,
1633 2603 1688 2638 oft

941 2649 1010 2683 mit
1041 2654 1143 2684 caute
1178 2649 1253 2682 und
1292 2650 1415 2684 timide
1452 2649 1685 2693 verbunden3

943 2696 1253 2730 wahrscheinlich
1276 2707 1348 2730 von
1362 2707 1428 2741 pes
1447 2697 1521 2730 und
1536 2698 1686 2733 tendere.

988 2754 1048 2788 29.
1078 2758 1107 2788 1.
1135 2755 1242 2789 dum.
1261 2783 1266 2789 .
1284 2782 1290 2788 .
1311 2756 1472 2799 interim]
1494 2755 1563 2790 mit
1577 2755 1686 2791 Prae-

941 2812 1024 2836 sens
1059 2801 1145 2835 hist.
1178 2801 1228 2834 im
1261 2802 1490 2847 Hauptsatze
1518 2814 1547 2838 c.
1574 2808 1630 2846 47,
1654 2809 1684 2846 7,

940 2848 1009 2882 mit
1034 2848 1186 2883 Perfekt
1211 2848 1407 2892 41‚16‚7;
1435 2849 1508 2894 vgl.
1536 2862 1578 2884 zu
1605 2861 1685 2885 cum

1017 2900 1092 2930 tum
1119 2900 1286 2939 c.11‚8.

1163 1059 1226 1101 ibi
1264 1062 1468 1114 urgentes
1506 1060 1622 1102 inter
1659 1075 1704 1102 se
1728 1069 1767 1100 11
