1882 3163
125 359 166 390 10

124 536 165 565 11

125 594 166 624 12

124 773 166 803 13

125 1008 168 1038 14

149 1242 174 1283 6

196 124 249 164 12
684 123 828 158 LIBER
853 122 1004 158 XXIIII.
1045 123 1147 158 CAP.
1174 127 1207 160 5.
1234 128 1264 158 6.
1541 141 1566 158 a.
1592 141 1621 159 u.
1647 141 1671 160 e.
1696 136 1761 162 539.

194 233 323 286 caput
353 231 468 272 faeta
499 230 712 272 indicatur
742 245 817 285 per
844 230 1064 273 Callonem
1097 231 1321 286 quendam,
1354 232 1576 286 aequalem
1604 232 1758 274 Hiero—

192 291 313 344 nymi
346 292 387 331 et
418 290 504 331 iam
536 290 634 330 inde
668 304 692 330 a
717 304 847 343 puero
879 291 926 331 in
958 291 1103 332 omnia
1133 290 1364 331 familiaria
1395 290 1490 332 iura
1523 291 1759 334 adsuetum.

192 349 320 390 index
357 364 491 390 unum
524 363 574 389 ex
612 349 846 390 coniuratis
879 349 1167 404 Theodotum,
1205 364 1230 390 a
1262 364 1345 403 quo
1384 350 1476 403 ipse
1515 351 1758 404 appellatus

194 411 302 462 erat,
346 408 570 450 nominare
610 408 769 462 potuit,
814 408 886 463 qui
927 423 1190 462 conprensus
1233 409 1446 462 extemplo
1487 409 1757 463 traditusque

193 466 505 508 Andranodoro
547 466 810 521 torquendus
849 468 900 508 de
939 482 983 508 se
1029 468 1121 521 ipse
1161 467 1275 508 haud
1323 470 1576 508 cunctanter
1614 467 1759 509 fassus

195 526 388 567 conscios
421 525 598 567 celabat.
655 528 885 579 postremo,
917 541 1012 567 cum
1046 526 1244 567 omnibus
1277 526 1559 567 intolerandis
1592 527 1756 580 patien-

194 585 280 626 tiae
305 585 518 626 humanae
546 584 806 626 eruciatibus
831 585 1100 638 laceraretur,
1131 585 1294 626 vietum
1326 585 1450 626 malis
1478 599 1521 626 se
1550 585 1758 626 simulans

195 643 352 685 avertit
383 644 437 685 ab
470 644 654 685 consciis
686 644 731 684 in
763 644 956 685 insontes
989 644 1207 697 indicium,
1239 643 1505 685 Thrasonem
1538 658 1630 685 esse
1664 659 1757 686 aue-

194 706 333 744 torem
364 702 532 744 consilii
558 703 774 753 mentitus,
807 717 885 744 nee
910 703 996 743 nisi
1021 705 1111 744 tam
1137 702 1304 756 potenti
1331 703 1433 744 duee
1461 703 1643 744 confisos
1668 718 1760 744 rem

194 764 362 803 tantam
396 776 572 803 ausuros
603 762 752 813 fuiss&
785 762 901 803 addet
930 762 1149 803 nonnullos
1181 762 1234 802 ab
1266 763 1398 802 latere
1430 762 1624 816 tyranni,
1656 777 1758 815 quo-

195 836 290 861 rum
322 821 467 874 capita
498 820 704 861 vilissima
742 821 923 875 fingenti
960 821 1072 861 inter
1111 820 1279 861 dolores
1312 821 1581 874 gemitusque
1616 835 1758 862 oecur-

194 894 298 920 rere.
352 879 536 920 maxime
570 880 713 920 animo
746 879 924 933 tyranni
956 878 1156 920 credibile
1188 879 1392 920 indicium
1425 879 1590 921 Thraso
1622 880 1758 920 nomi-

194 941 321 979 natus
353 938 473 993 feeit3
504 939 648 992 itaque
675 938 890 992 extemplo
922 938 1109 979 traditur
1136 937 1188 978 ad
1221 939 1488 992 supplicium,
1522 938 1761 992 adiectique

194 1011 358 1051 poenae
384 997 514 1038 ceteri
540 998 660 1037 iuxta
685 997 890 1038 insontes.
942 997 1208 1038 consciorum
1234 1011 1373 1051 nemo,
1400 1011 1494 1037 cum
1522 996 1592 1038 diu
1620 998 1761 1039 socius

196 1057 364 1097 consilii
400 1058 692 1110 torqueretur,
733 1058 806 1096 aut
837 1056 964 1097 latuit
997 1058 1071 1096 aut
1107 1055 1238 1110 fugit:
1277 1057 1446 1096 tantum
1481 1056 1567 1096 illis
1599 1056 1645 1096 in
1677 1056 1761 1097 vir-

195 1117 286 1155 tute
321 1129 369 1155 ae
407 1115 488 1155 fide
521 1114 735 1156 Theodoti
773 1114 954 1156 fiduciae
993 1115 1092 1169 fuit,
1130 1116 1383 1169 tantumque
1422 1114 1504 1168 ipsi
1538 1114 1760 1156 Theodoto

194 1174 350 1215 virium
384 1173 438 1215 ad
470 1187 627 1214 areana
660 1174 924 1215 occultanda.

313 1232 393 1285 Ita,
414 1232 527 1287 quod
541 1247 673 1273 unum
689 1233 906 1273 vinculum
924 1247 1020 1274 eum
1034 1231 1241 1273 Romanis
1263 1232 1480 1273 societatis
1502 1234 1604 1286 erat,
1625 1231 1760 1273 Thra-

197 1306 299 1332 sone
334 1292 504 1333 sublato
536 1306 556 1332 e
583 1291 722 1333 medio
749 1292 962 1346 extemplo
994 1291 1110 1332 haud
1142 1291 1267 1332 dubie
1301 1291 1354 1332 ad
1380 1290 1661 1332 defectionem
1693 1305 1762 1332 res

244 1436 276 1465 9.
328 1431 515 1477 adsuetus]
555 1432 630 1465 ads.
669 1430 865 1466 verbindet
901 1432 941 1467 L.

196 1478 266 1513 mit
290 1479 331 1512 tn
358 1491 389 1514 u.
417 1480 502 1513 Ace.
530 1479 604 1522 (21,
631 1482 687 1521 33,
722 1483 743 1512 4
770 1480 877 1513 iuxta
902 1480 943 1513 in

1015 1442 1088 1466 von
1109 1430 1443 1474 untergeordnet-en
1464 1430 1760 1465 Dienstverh'alt-

1016 1478 1138 1512 nissen
1181 1478 1389 1521 verwandt,
1434 1477 1505 1511 wie
1548 1488 1671 1512 servus
1715 1478 1760 1512 ab

195 1526 275 1559 vias
310 1536 352 1559 αο
389 1526 494 1560 devia
533 1526 706 1569 adsueti),
747 1526 835 1560 oder
873 1526 943 1560 mit

196 1572 308 1606 Dativ
337 1575 467 1615 (23,1Ο
489 1573 631 1606 adsueti
655 1573 844 1608 militibus,
882 1573 943 1616 21,

199 1623 255 1663 16,
270 1623 289 1653 5
313 1620 399 1653 (luci
419 1621 592 1654 acerrimo
612 1620 826 1663 adsuetum),
855 1621 943 1654 oder

196 1669 266 1701 mit
290 1666 394 1700 Infin.
421 1666 500 1710 (23,
527 1670 589 1709 40,
619 1670 661 1700 10
688 1666 802 1701 Sardi
835 1668 944 1709 facile

195 1714 295 1748 vinei
320 1714 487 1757 adsueti).
527 1713 704 1748 Daneben
732 1718 787 1757 10,
810 1718 851 1747 12
880 1715 942 1748 acl-

196 1762 289 1795 sueti
320 1761 420 1794 collis
453 1762 530 1794 eius
561 1762 730 1802 cultores,
769 1761 827 1794 die
866 1761 942 1804 ‘ge-

196 1808 460 1850 wohnliehen’,
482 1808 541 1841 die
556 1819 642 1842 man
657 1807 741 1842 dort
755 1820 797 1842 zu
811 1808 943 1842 treffen

197 1855 373 1899 gewohnt
392 1866 477 1889 war.
514 1854 574 1897 25,
604 1859 636 1898 9,
659 1858 678 1888 9
702 1856 855 1898 portula
881 1856 942 1889 ad-

196 1906 308 1936 sueta.
368 1901 433 1944 25,
461 1906 522 1944 17,
550 1906 570 1936 5
605 1905 721 1936 motus
753 1913 943 1946 corporum

195 1950 294 1993 yenti
319 1950 470 1984 adsueti.
523 1948 730 1993 Gegensatz
758 1953 814 1992 27,
841 1953 860 1983 5
888 1961 942 1984 zn-

197 1997 334 2030 solitus.

248 2047 300 2077 10.
339 2043 430 2087 ipse]
470 2054 557 2077 man
594 2043 703 2078 sollte
741 2043 943 2088 eigentlich

197 2090 239 2124 de
264 2100 299 2123 se
329 2091 408 2133 ipso
447 2091 644 2132 erwarten3
684 2091 772 2125 aber
805 2091 942 2135 gerade

196 2136 234 2170 in
278 2136 397 2170 dieser
432 2135 673 2181 Verbindung
716 2137 839 2171 fassen
883 2137 942 2172 die

197 2182 371 2217 Lateiner
385 2183 455 2217 den
471 2182 676 2228 Gegensatz
693 2184 797 2218 nieht
810 2184 942 2218 immer

199 2229 325 2264 scharf
340 2229 397 2263 ins
418 2230 533 2274 Auge,
561 2230 644 2264 weil
664 2231 775 2264 ihnen
795 2231 854 2265 die
873 2230 941 2265 Be-

197 2277 356 2321 ziehung
388 2276 451 2310 des
487 2278 563 2319 ipse
596 2277 662 2311 auf
693 2278 758 2312 das
791 2277 942 2322 Subjeet

198 2324 262 2358 des
281 2324 407 2358 Satzes
422 2334 461 2357 so
477 2324 561 2357 sehr
581 2324 744 2368 gelaufig
761 2324 825 2366 ist3
853 2325 941 2358 'ahn-

197 2370 273 2405 lieh
292 2370 353 2412 28,
375 2374 408 2413 2,
437 2374 479 2405 16
505 2374 547 2404 ut
572 2374 603 2405 et
623 2372 738 2405 muris
763 2382 798 2406 se
818 2372 890 2415 ipsi
910 2375 942 2405 et

199 2419 310 2452 armis
342 2428 464 2451 muros
495 2421 703 2453 tutarentur
735 2430 768 2453 u.
803 2429 841 2452 so
869 2418 939 2460 oft;

199 2477 226 2499 s.
257 2477 301 2498 zu
328 2469 382 2508 38,
411 2468 442 2499 2.

246 2512 533 2557 Andraozodoro]
567 2512 727 2557 Zoippus
766 2512 856 2546 wird
890 2511 941 2546 im

198 2557 413 2602 Folgenden
428 2558 531 2592 nicht
546 2559 650 2593 mehr
666 2559 843 2601 erwahnt,
858 2559 943 2593 weil

199 2616 238 2638 er
261 2605 316 2639 als
337 2604 542 2639 Gesandter
562 2618 605 2640 zu
625 2606 860 2640 Ptolomaeus
881 2605 941 2639 IV.

198 2651 417 2696 Philopator
430 2652 524 2686 nach
539 2653 736 2698 Aegypten
750 2653 944 2697 geschickt

198 2709 285 2741 war,
306 2710 380 2733 von
400 2710 457 2734 wo
472 2710 510 2734 er
530 2699 633 2735 nicht
652 2699 942 2743 zuriiokkehrte3

199 2757 226 2779 s.
254 2749 309 2789 26,
338 2749 368 2779 1.

250 2796 302 2826 13.
333 2792 378 2826 ab
405 2792 530 2838 latere]
558 2793 617 2827 die
643 2793 750 2837 Pr'ap.
778 2793 824 2828 ab
850 2792 942 2827 wird

199 2838 303 2872 nicht
329 2839 445 2873 selten
472 2839 583 2882 (doch
612 2840 780 2884 haufiger
805 2841 879 2874 erst
904 2839 942 2873 in

199 2884 512 2920 naohclassischer
550 2886 644 2930 Zeit)
687 2898 749 2920 zur
787 2886 941 2931 Angabe

1015 1526 1190 1568 epistulis,
1215 1525 1363 1559 libertus
1383 1525 1427 1559 ab
1448 1525 1577 1559 libellis
1595 1536 1629 1558 u.
1645 1536 1676 1559 a.
1692 1537 1762 1567 m.;

1017 1572 1133 1606 daher
1159 1573 1207 1606 ist
1231 1573 1276 1606 ab
1303 1573 1412 1606 latere
1437 1572 1554 1614 einer,
1587 1572 1651 1606 der
1678 1583 1760 1606 zum

1015 1618 1209 1663 Begleiten
1235 1619 1354 1661 dient,
1385 1619 1486 1652 einer
1511 1630 1576 1653 aus
1604 1619 1668 1653 der
1693 1618 1761 1652 Be-

1016 1666 1186 1711 gleitung
1212 1668 1270 1708 (=
1292 1669 1310 1707 §
1337 1670 1357 1700 4
1383 1667 1576 1710 satellites).

1063 1713 1201 1757 capita]
1236 1713 1304 1747 wie
1332 1716 1351 1754 ξ
1377 1717 1396 1746 9
1429 1716 1539 1756 caput
1572 1714 1631 1756 (=
1656 1713 1760 1756 vita).

1066 1764 1118 1793 14.
1158 1760 1317 1805 tantum]
1355 1761 1448 1794 statt
1479 1763 1620 1794 tantum
1655 1761 1760 1804 enim,

1017 1807 1085 1841 wie
1106 1807 1165 1841 die
1183 1807 1357 1841 Lateiner
1382 1807 1420 1841 in
1448 1806 1568 1841 einem
1587 1806 1658 1841 mit
1675 1810 1760 1850 tam,

1016 1857 1157 1897 tantus,
1184 1855 1238 1888 ita
1263 1854 1521 1897 anfangenden
1549 1854 1668 1897 Satze,
1696 1854 1763 1888 der

1016 1901 1075 1935 die
1104 1900 1355 1945 BegrfinduDg
1387 1902 1449 1935 des
1481 1901 1762 1945 Vorhergehen-

1017 1948 1087 1982 den
1114 1949 1274 1990 enthttst,
1307 1948 1373 1982 das
1405 1948 1499 1982 enim
1525 1948 1760 1992 gewohnlieh

1017 1995 1228 2038 auslassen3
1269 1995 1307 2029 L.
1346 1995 1543 2030 besonders
1575 1994 1629 2030 oft
1664 1995 1762 2029 nach

1016 2043 1114 2078 adeo,

1062 2089 1170 2134 vires]
1189 2091 1291 2124 sonst
1304 2088 1539 2133 gewohnlieh
1552 2089 1604 2122 im
1618 2089 1761 2133 Gegen-

1016 2137 1092 2169 satz
1112 2148 1154 2169 zu
1174 2138 1320 2170 animus
1339 2136 1397 2170 die
1413 2136 1679 2180 Korperkr'afte
1699 2136 1761 2170 be-

1015 2183 1233 2226 zeichnend,
1260 2195 1286 2217 s.
1315 2186 1345 2226 8,
1374 2187 1394 2216 4
1421 2183 1490 2225 (oft
1514 2182 1553 2216 in
1579 2182 1644 2216 der
1669 2181 1759 2217 Ver-

1014 2229 1181 2274 bindung
1195 2231 1232 2264 vi
1245 2241 1288 2264 ac
1297 2231 1457 2273 virtute);
1476 2229 1555 2264 hier
1572 2229 1759 2264 ‘Willens-

1014 2276 1165 2310 starke⁷.
1219 2294 1223 2297 ·

1061 2320 1099 2358 ’6.
1130 2328 1158 2357 1.
1186 2324 1296 2368 quod]
1328 2324 1423 2367 quod
1447 2323 1497 2358 ist
1523 2323 1607 2357 dem
1633 2323 1761 2357 Pradi-

1015 2370 1208 2406 catssubst.
1245 2370 1474 2412 assimiliert3
1502 2370 1599 2404 denn
1620 2371 1761 2414 eigent-

1014 2417 1089 2450 lieh
1109 2419 1248 2451 miisste
1270 2429 1306 2452 es
1327 2418 1394 2451 auf
1404 2417 1543 2451 Thraso
1563 2417 1760 2461 bezfiglieh

1014 2465 1078 2508 qm·
1103 2464 1258 2498 heissen.
1308 2464 1376 2498 Die
1403 2463 1574 2508 Stellung
1599 2464 1663 2498 des
1687 2464 1759 2497 Re-

1015 2511 1226 2545 lativsatzes
1255 2511 1304 2545 ist
1331 2511 1463 2546 ebenso
1491 2515 1523 2554 6,
1545 2515 1575 2545 6.
1603 2514 1640 2554 8,
1671 2515 1699 2546 1.
1728 2514 1760 2545 7.

1063 2616 1143 2639 eum
1171 2604 1363 2650 Romanis]
1398 2604 1456 2639 die
1488 2604 1762 2648 Wortstellung

1017 2651 1085 2685 wie
1112 2656 1144 2695 3,
1173 2656 1203 2687 1.

1064 2709 1118 2733 res
1143 2702 1278 2742 spectat
1303 2698 1366 2743 ad]
1396 2699 1497 2732 ‘man
1517 2697 1606 2732 zielt
1623 2697 1691 2732 auf
1709 2699 1759 2732 et-

1015 2756 1092 2779 was
1117 2745 1201 2786 ab'3
1231 2745 1380 2779 'ahnlieh
1407 2745 1474 2787 25,
1501 2749 1533 2788 3,
1562 2748 1604 2778 19
1630 2755 1686 2778 res
1711 2745 1760 2778 ad

1015 2793 1223 2827 seditionem
1266 2795 1401 2836 spectat
1447 2792 1507 2826 ‘es
1557 2791 1653 2825 l'auft
1696 2791 1764 2825 auf

1017 2839 1125 2874 einen
1160 2839 1323 2873 Aufruhr
1360 2838 1520 2881 hinaus',
1557 2838 1626 2872 wie
1662 2839 1759 2873 denn

1015 2885 1080 2920 das
1106 2886 1283 2920 deutsche
1311 2885 1380 2919 ‘es’
1408 2884 1534 2929 haufig
1563 2885 1678 2918 durch
1704 2895 1760 2920 res
