1882 3163
136 89 165 108 a.
186 81 237 108 Ch.
257 81 320 108 215.
613 72 758 107 LIBER
783 71 913 109 XXIII.
964 72 1067 108 CAP.
1094 77 1151 108 35.
1178 77 1234 109 36.
1650 71 1705 112 75

139 180 390 223 custodibus
424 181 477 222 ad
509 182 657 234 portas
689 181 861 234 positis,
899 195 953 222 ne
981 182 1075 235 quis
1108 181 1330 222 enuntiare
1360 183 1508 235 posset
1540 182 1704 234 coepta,

138 242 181 281 et
201 240 253 281 ab
282 239 459 281 decuma
484 239 568 280 diei
593 239 701 280 hora
727 239 887 280 coactis
914 239 1122 281 militibus
1149 254 1331 293 corpora
1358 254 1504 281 curare
1533 253 1704 281 somno-

138 313 220 353 que
252 313 428 352 operam
455 298 566 352 dare,
598 301 646 338 ut
676 298 827 352 primis
854 298 1044 339 tenebris
1071 299 1300 340 convenire
1326 299 1379 339 ad
1407 299 1578 353 signum
1603 312 1699 352 pos·
1717 309 1759 340 17

137 360 247 410 sent,
278 357 430 413 vigilia
460 356 593 398 ferme
624 357 764 411 prima
788 356 887 398 tolli
911 357 1037 397 iussit
1063 358 1201 412 signa,
1229 358 1454 412 silentique
1481 357 1698 411 profectus

138 416 310 470 agmine
337 430 432 457 cum
465 415 518 457 ad
550 415 714 457 Hamas
746 415 887 456 media
929 419 1054 457 nocte
1095 416 1374 470 pervenisset,
1406 419 1547 458 castra
1579 415 1702 458 Cam-
1720 427 1762 458 18

136 490 252 529 pana
283 478 330 516 ut
361 475 406 515 in
438 474 665 529 pervigilio
705 475 901 529 neglecta
940 475 1067 515 simul
1106 475 1304 516 omnibus
1344 475 1480 529 portis
1519 474 1702 529 invadit3

137 535 245 575 alios
278 547 427 575 somno
461 535 639 587 stratos,
679 533 786 574 alios
826 536 1072 587 perpetrato
1106 548 1226 575 sacro
1259 534 1443 575 inermes
1476 534 1701 575 redeuntes

137 593 379 634 obtruncat.
442 592 665 633 hominum
710 607 759 634 eo
804 593 991 633 tumultu
1035 596 1245 634 nocturno
1299 606 1422 633 caesa
1471 592 1566 646 plus
1618 592 1701 634 duo
1721 603 1762 634 19

135 651 255 693 milia
286 665 382 692 cum
414 651 509 704 ipso
542 651 647 693 duce
679 651 819 693 Mario
851 651 978 706 Alfio,
1010 654 1136 706 capta
1161 652 1336 705 quinque
1361 652 1480 693 milia
1507 655 1549 692 et
1578 651 1704 705 signa

134 710 342 751 militaria
374 712 579 764 quattuor
611 714 653 751 et
685 710 877 766 triginta.

255 769 474 811 Gracchus
507 769 648 810 minus
688 772 859 811 centum
897 769 1084 811 militum
1122 769 1290 811 iactura
1322 769 1475 810 castris
1508 769 1699 810 hostium
1718 772 1773 814 36

136 829 299 883 potitus
333 827 489 870 Cumas
524 843 568 869 se
600 843 780 882 propere
813 829 987 883 recepit,
1020 829 1073 870 ab
1106 827 1353 870 Hannibale
1391 831 1597 881 metuens,
1630 828 1705 882 qui

139 903 267 942 super
306 886 500 941 Capuam
538 888 583 928 in
623 887 779 929 Tifatis
819 887 1010 929 habebat
1055 890 1207 929 castra.
1262 902 1340 929 nec
1386 902 1481 929 eum
1527 887 1744 941 provida2

133 946 270 988 futuri
301 946 457 988 fefellit
489 947 654 1000 opinio,
700 961 801 987 nam
841 946 967 987 simul
1007 945 1200 1001 Capuam
1239 961 1288 987 ea
1329 947 1469 988 clades
1502 949 1566 986 est
1597 960 1701 986 nun-

134 1006 255 1060 tiata,
281 1008 400 1047 ratus
432 1004 656 1046 Hannibal
689 1006 741 1047 ab
774 1020 819 1047 re
851 1006 959 1047 bene
986 1009 1110 1059 gesta
1135 1005 1372 1046 insolenter
1398 1006 1557 1046 laetum
1585 1019 1702 1046 exer-

136 1064 269 1106 citum
301 1065 491 1106 tironum
526 1079 685 1120 magna
718 1080 767 1105 ex
800 1069 921 1119 parte
953 1068 990 1105 et
1021 1079 1241 1106 servorum
1274 1065 1535 1118 spoliantem
1566 1064 1701 1105 victos

133 1123 399 1178 praedasque
432 1127 630 1178 agentem
665 1124 717 1165 ad
743 1123 906 1165 Hamas
940 1138 985 1164 se
1016 1124 1304 1177 inventurum,
1335 1124 1512 1165 citatum
1547 1137 1702 1178 agmen
1723 1136 1743 1167 3

133 1185 304 1237 praeter
337 1181 528 1236 Capuam
567 1183 699 1237 rapit,
744 1183 975 1237 obviosque
1015 1197 1064 1223 ex
1105 1183 1210 1237 fuga
1250 1181 1570 1237 Campanorum
1603 1182 1702 1223 dato

132 1241 347 1295 praesidio
382 1240 573 1295 Capuam
607 1241 720 1295 duci,
765 1242 932 1283 saucios
978 1241 1184 1283 vehiculis
1222 1243 1386 1297 portari
1423 1242 1554 1283 iubet.
1609 1241 1745 1294 ipse4

132 1299 285 1342 Hamis
312 1315 447 1342 vacua
473 1301 526 1342 ab
559 1301 758 1342 hostibus
791 1304 933 1342 castra
959 1315 1035 1343 nec
1063 1302 1292 1356 quicquam
1319 1304 1489 1355 praeter
1515 1300 1699 1341 recentis

132 1359 316 1414 vestigia
336 1359 477 1401 caedis
506 1361 724 1414 strataque
751 1360 913 1415 passim
941 1375 1120 1414 corpora
1147 1361 1360 1402 sociorum
1386 1360 1562 1401 invenit.
1604 1373 1699 1400 auc·
1722 1373 1742 1403 5

130 1421 247 1460 tores
281 1421 403 1460 erant
436 1418 620 1473 quidam,
651 1423 700 1460 ut
731 1419 926 1473 protinus
960 1419 1056 1461 inde
1083 1418 1240 1462 Cumas
1268 1420 1441 1461 duceret
1466 1419 1698 1473 urbemque

133 1480 418 1532 oppugnaret.
467 1477 509 1518 id
537 1492 797 1534 quamquam
823 1478 936 1521 haud
964 1478 1127 1523 modice
1153 1477 1374 1523 Hannibal
1401 1478 1612 1534 cupiebat,
1638 1481 1698 1531 ut,
1721 1492 1746 1527 6Χ

137 1539 237 1592 quia
262 1536 491 1593 Neapolim
516 1553 604 1581 non
637 1542 850 1595 potuerat,
883 1540 1039 1584 Cumas
1073 1543 1225 1584 saltem
1257 1542 1518 1586 maritimam
1550 1538 1701 1584 urbem

131 1596 332 1651 haberet,
369 1600 533 1653 tamen,
571 1599 670 1654 quia
709 1603 879 1655 praeter
912 1616 1030 1642 arma
1062 1602 1172 1643 nihil
1206 1618 1348 1645 secum
1381 1603 1505 1645 miles
1539 1603 1698 1658 raptim

134 1659 229 1698 acto
263 1657 432 1713 agmine
465 1659 686 1713 extulerat,
718 1663 834 1702 retro
861 1660 908 1700 in
934 1663 1079 1702 castra
1112 1676 1239 1717 super
1271 1662 1416 1704 Tifata
1449 1677 1494 1703 se
1526 1663 1700 1717 recepit.

128 1773 274 1798 sacrum
299 1765 535 1808 conpleretur.
576 1785 619 1790 —
660 1765 709 1800 ad
729 1766 875 1812 portas]

951 1766 999 1802 ad
1019 1767 1291 1803 Hasdrubalem
1317 1769 1468 1804 citatum
1489 1778 1617 1813 aymeu
1636 1779 1696 1803 ra-

131 1821 203 1845 von
230 1810 354 1846 Cuma.

948 1816 1068 1858 pium.

181 1861 233 1891 17.
261 1859 310 1893 ad
335 1858 495 1904 sianum]
514 1858 581 1893 auf
592 1859 652 1893 ein
666 1860 874 1903 gegebenes

134 1904 293 1939 Zeichen
320 1905 409 1949 (vgl.
437 1905 529 1950 Kap.
559 1910 613 1950 16,
641 1908 710 1950 12).

183 1952 235 1986 18.
262 1952 317 1996 ut]
334 1953 586 1995 begrundend,
607 1953 676 1987 wie
691 1953 876 1998 Kap.8‚6:

130 1999 199 2033 wie
221 2009 259 2032 es
279 1997 341 2032 bei
361 1999 426 2035 der
445 1999 685 2034 nachtlichen
706 2001 811 2035 Feier
832 2013 875 2035 zu

133 2047 316 2080 erwarten
331 2057 416 2080 war.
435 2067 477 2071 —
492 2048 667 2093 ueylecta]
683 2047 716 2081 d.
734 2048 768 2081 h.
779 2048 873 2083 ohne

130 2092 341 2137 Vorposten
356 2105 389 2128 u.
407 2094 584 2128 Wachen.
610 2115 651 2118 —
672 2095 873 2141 redeuntes]

131 2149 215 2174 vom
243 2139 431 2184 Festplatz
457 2140 513 2175 ins
540 2141 670 2186 Lager.

177 2235 237 2271 36.
266 2240 296 2270 1.
323 2237 364 2270 iu
393 2236 548 2282 Tifatis]
580 2237 707 2279 Tifata
733 2237 783 2272 ist
808 2237 873 2272 der

129 2282 247 2317 Name
275 2282 374 2317 eines
401 2283 536 2328 Berges
570 2283 607 2318 in
633 2284 872 2328 Campanien,

128 2329 358 2364 nordostlich
384 2340 457 2364 von
483 2330 621 2374 Capua,
654 2332 720 2366 auf
741 2331 872 2366 dessen

129 2375 236 2410 Hohe
263 2377 321 2411 ein
348 2377 503 2421 Tempel
529 2378 593 2412 der
612 2378 730 2412 Diana
751 2379 870 2413 stand.

177 2427 210 2457 2.
237 2424 282 2458 ab
296 2435 334 2458 re
348 2424 431 2458 bene
444 2423 494 2469 9.]
510 2423 644 2469 Haufig
657 2425 873 2460 bezeichnet

128 2469 255 2505 Livius
283 2471 352 2505 den
378 2471 634 2515 Beweggrund
662 2472 749 2515 (vgl.
765 2477 820 2515 37,
837 2475 870 2515 8)

129 2517 183 2551 als
223 2518 367 2552 {iussere
399 2517 678 2562 Vcranlassung
714 2519 783 2552 mit
814 2520 872 2562 ab,

130 2563 335 2609 „infolge“;
363 2565 436 2609 vgl.
449 2577 477 2598 Ζ.
493 2564 532 2597 Β.
549 2569 580 2607 3,
603 2569 657 2607 61,
682 2570 723 2599 13
740 2566 873 2600 Sabini

128 2611 261 2653 feroces
286 2612 331 2646 ab
351 2623 390 2646 re
404 2613 530 2655 priore
550 2623 647 2646 anno
668 2613 750 2646 bene
764 2617 873 2657 qesta,

129 2662 162 2699 4,
189 2662 244 2702 32,
274 2663 290 2692 1
325 2660 483 2694 exercitu
515 2659 559 2693 ab
592 2670 629 2693 rc
661 2660 751 2693 male
776 2664 873 2704 qesta

124 2706 302 2748 perculso.

169 2752 284 2797 rapit]
305 2752 431 2796 „ffihrt
445 2753 589 2797 rasch“,
608 2752 874 2787 dichtorischcr

130 2797 322 2834 Ausdruck
356 2801 400 2834 st.
427 2801 562 2843 ‘raptim
589 2801 665 2845 agit
699 2806 731 2840 «ᾗ
753 2805 788 2840 03
818 2806 872 2843 21,

132 2848 188 2889 41,
210 2849 231 2880 4
251 2858 285 2880 u.
301 2850 357 2891 61,
377 2848 430 2891 4):
452 2851 508 2891 25,
524 2851 578 2890 35,
598 2852 613 2880 1
636 2848 742 2882 duces
759 2847 875 2882 Poeni

998 1865 1028 1895 3.
1063 1873 1106 1896 ex
1131 1862 1223 1907 fuya
1250 1862 1393 1908 Camp]
1422 1880 1465 1892 =
1495 1863 1696 1908 Campano-

949 1919 1048 1949 rum,
1076 1910 1139 1953 qui
1163 1910 1353 1953 fugerant,
1378 1909 1624 1945 Abstraktum
1652 1912 1694 1945 st.

949 1955 1193 1999 Konkretum,
1215 1956 1283 1991 wie
1305 1956 1396 2001 Kap.
1419 1961 1476 2001 25,
1498 1961 1529 1992 7.
1551 1979 1591 1982 —
1610 1969 1697 2001 por-

949 2003 1040 2048 tari]
1074 2003 1171 2037 auch
1199 2014 1273 2038 von
1298 2004 1444 2048 Wagen
1472 2017 1504 2038 u.
1534 2004 1696 2040 Schiffen

948 2048 1055 2094 (Kap.
1084 2054 1139 2093 38,
1170 2052 1204 2094 1)
1234 2050 1449 2095 gebraucht.
1490 2051 1573 2095 Vgl.
1601 2051 1695 2096 Nep.

949 2096 1057 2131 Phoc.
1079 2102 1112 2140 4,
1138 2101 1154 2130 1
1184 2108 1263 2132 eum
1285 2102 1435 2142 propter
1461 2102 1612 2133 aetatem
1632 2110 1695 2143 pe-

947 2144 1055 2179 dibus
1089 2145 1164 2179 iam
1199 2155 1274 2180 uon
1304 2147 1437 2180 valeret
1468 2146 1697 2191 vehiculoque

942 2195 1166 2235 portaretur.

994 2243 1026 2273 4.
1061 2249 1179 2274 vacua
1204 2240 1249 2274 ab
1275 2240 1436 2275 hostibus
1461 2240 1506 2285 a]
1545 2240 1693 2275 Sowohl

948 2285 1091 2320 Sachen
1123 2288 1228 2329 (cura
1253 2290 1316 2329 24,
1353 2291 1412 2329 18,
1439 2291 1483 2328 Ἐς
1518 2291 1612 2322 metu
1638 2291 1693 2330 25,

945 2337 1002 2375 34,
1031 2334 1065 2377 5)
1093 2333 1146 2367 als
1175 2333 1359 2369 Personen
1395 2334 1483 2378 (vgl.
1512 2334 1583 2368 den
1621 2335 1694 2368 An-

946 2380 1046 2424 hang
1072 2392 1116 2414 zu
1142 2380 1235 2424 Kap.
1259 2385 1315 2424 30,
1339 2383 1390 2423 U)
1424 2381 1570 2415 werden
1598 2382 1693 2416 nach

944 2438 1081 2461 vacuus
1107 2438 1177 2461 von
1203 2427 1328 2462 Livius
1354 2428 1392 2461 iu
1418 2427 1490 2461 den
1515 2427 1597 2462 Abl.
1625 2428 1694 2463 mit

946 2474 990 2508 ab
1018 2476 1168 2518 gesetzt.

994 2525 1025 2554 6.
1051 2521 1152 2554 haud
1172 2521 1321 2564 modice]
1342 2521 1502 2555 Litotes:
1530 2521 1693 2564 „leiden-

947 2567 1156 2611 schaftlich,
1184 2568 1446 2612 tiberinassig“,
1474 2568 1594 2612 wenig
1614 2580 1693 2603 ver-

949 2614 1123 2648 schieden
1152 2625 1223 2648 von
1248 2615 1446 2657 immodice,
1474 2615 1569 2649 doch
1597 2616 1691 2650 ohne

947 2661 1018 2695 den
1044 2660 1081 2694 in
1114 2660 1305 2695 letzterem
1340 2661 1536 2705 liegenden
1562 2662 1690 2697 Tadel.

993 2718 1068 2741 ‘nou
1076 2708 1261 2753 potuerat]
1271 2711 1428 2752 crganze
1437 2719 1505 2751 „ge
1512 2709 1691 2752 winnen“‚

948 2754 1017 2797 εἰς.
1045 2756 1266 2788 υιανίὺιήιαηι
1286 2756 1405 2789 urbem
1427 2756 1554 2790 habere
1582 2756 1688 2801 (Kal).

950 2806 979 2843 1,
1002 2803 1047 2845 5).
1076 2821 1118 2825 -
1145 2804 1255 2846 retro]
1286 2802 1367 2845 vgl.
1396 2814 1439 2836 zu
1467 2802 1558 2848 Kap.
1587 2807 1644 2846 28,
1670 2807 1692 2838 4

948 2847 1021 2881 und
1049 2852 1104 2890 37,
1134 2854 1186 2882 11.
