1882 3163
144 112 170 131 a.
197 104 262 131 Chr.
288 112 316 130 n.
343 105 402 130 214.

647 93 793 128 LIBER
817 93 966 128 XXIIII.
995 92 1096 128 CAP.
1124 96 1180 127 26.
1207 96 1262 127 27.
1649 90 1705 131 47

144 207 189 247 et
225 203 440 258 asportari
471 202 779 245 Alexandriam
816 201 1014 242 iuberent
1051 201 1103 242 ad
1141 201 1280 242 virum
1312 215 1508 251 uxorem,
1553 199 1606 241 ad
1637 214 1710 254 pa-

143 266 253 306 trem
298 263 420 304 filias.

483 261 642 303 aversis
689 260 862 302 auribus
908 260 1146 315 animisque
1185 275 1281 302 cum
1320 275 1364 301 se
1396 262 1604 302 monerent
1632 259 1710 313 illi,
1738 269 1783 300 10

143 338 199 365 ne
230 325 401 376 tempus
433 323 639 374 tererent,
682 323 731 361 ut
760 319 920 361 ferrum
953 319 1160 374 quosdam
1192 320 1464 374 expedientes
1498 318 1711 373 cernebat,

144 385 237 424 tum
269 381 439 423 omissis
470 395 548 434 pro
582 394 626 421 se
652 379 870 434 precibus,
901 379 1055 432 puellis
1082 381 1131 419 ut
1158 379 1313 419 saltem
1338 380 1564 433 parcerent
1590 392 1711 420 orare
1738 387 1780 418 11

144 442 326 494 institit,
358 455 383 481 a
415 454 498 494 qua
530 442 670 480 aetate
703 438 833 480 etiam
865 437 1013 479 hostes
1045 437 1181 479 iratos
1215 438 1448 491 abstinere3
1479 452 1533 479 ne
1565 440 1711 492 tyran-

144 516 225 543 nos
266 499 509 541 ulciscendo
558 512 665 552 quae
710 497 901 539 odissent
943 496 1103 538 scelera
1144 496 1229 550 ipsi
1271 497 1552 538 imitarentur.
1601 497 1713 538 inter
1739 506 1783 537 12

144 560 249 602 haec
294 559 557 600 abstractam
602 573 627 598 a
670 557 962 611 penetralibus
1000 556 1216 611 iugulant3
1260 556 1306 597 in
1337 556 1526 611 virgines
1560 555 1712 597 deinde

145 633 362 673 respersas
395 617 545 658 matris
578 631 727 658 cruore
758 616 965 670 impetum
992 615 1169 657 faciunt.
1219 629 1327 670 quae
1354 615 1543 656 alienata
1568 617 1712 656 mente

145 678 275 720 simul
307 678 424 719 luctu
456 678 657 731 metuque
690 675 807 717 velut
839 678 989 729 captae
1021 675 1164 716 furore
1197 688 1246 716 eo
1274 689 1400 716 cursu
1426 689 1470 716 se
1498 689 1547 715 ex
1574 689 1713 716 sacra-

143 738 208 779 rio
248 736 569 791 proripuerunt,
614 738 678 788 ut,
722 735 759 776 si
797 735 1003 789 effugium
1035 734 1248 788 patuisset
1278 734 1323 774 in
1354 734 1592 788 publicum,
1635 734 1712 774 im-

148 797 341 852 pleturae
385 795 534 836 urbem
578 794 769 836 tumultu
812 793 983 835 fuerint.

144 856 312 897 aedium
357 854 497 908 spatio
541 854 654 895 inter
700 853 864 895 medios
907 856 976 895 tot
1021 855 1210 894 armatos
1253 852 1513 907 aliquotiens
1545 852 1714 906 integro

144 929 320 969 corpore
354 916 579 954 evaserunt
610 913 958 967 tenentibusque,
990 927 1086 954 cum
1112 915 1179 954 tot
1219 926 1266 953 ac
1292 915 1382 953 tam
1408 911 1574 953 validae
1601 911 1714 952 eluc-

142 974 299 1015 tandae
331 988 483 1014 manus
510 975 668 1022 essent,
701 986 792 1014 sese
818 972 1076 1026 eripuerunt.
1126 971 1302 1013 tandem
1336 971 1581 1012 vulneribus
1615 985 1713 1012 con·
1741 980 1785 1011 14

144 1033 302 1085 fectae,
347 1047 442 1074 cum
481 1032 626 1073 omnia
657 1032 896 1086 replessent
928 1031 1155 1086 sanguine,
1200 1031 1418 1072 exanimes
1451 1033 1714 1072 corruerunt.

146 1092 402 1146 caedemque
434 1106 508 1145 per
540 1106 583 1132 se
615 1091 906 1132 miserabilem
937 1090 1293 1132 miserabiliorem
1313 1104 1436 1131 casus
1456 1089 1569 1143 fecit,
1602 1088 1715 1143 quod

144 1152 272 1206 paulo
318 1154 417 1205 post
459 1151 634 1191 nuntius
678 1151 795 1191 venit
850 1150 1027 1191 mutatis
1071 1153 1246 1203 repente
1287 1149 1340 1190 ad
1378 1149 1716 1190 misericordiam

145 1211 316 1264 animis,
359 1225 413 1251 ne
457 1210 810 1251 interficerentur.

877 1210 943 1251 ira
987 1209 1137 1250 deinde
1179 1223 1229 1250 ex
1273 1208 1566 1250 misericordia
1610 1210 1716 1261 orta,
1743 1217 1787 1249 15

145 1269 259 1324 quod
304 1269 409 1310 adeo
454 1268 706 1310 festinatum
751 1269 804 1310 ad
850 1269 1105 1323 supplicium
1149 1282 1286 1323 neque
1317 1268 1437 1310 locus
1469 1267 1715 1322 paenitendi

145 1332 220 1370 aut
262 1341 481 1382 regressus
521 1329 574 1369 ab
607 1329 672 1369 ira
702 1329 876 1369 relictus
909 1330 1033 1369 esset.

145 1390 189 1430 et
233 1388 278 1429 in
321 1388 461 1429 locum
495 1387 797 1429 Andranodori
843 1402 890 1429 ac
928 1387 1136 1428 Themisti
1172 1411 1221 1415 —
1256 1401 1355 1428 nam
1389 1386 1515 1427 ambo
1548 1388 1715 1440 praeto-

144 1461 211 1488 res
242 1447 413 1488 fuerant
447 1471 496 1475 -
533 1447 708 1488 comitia
739 1461 932 1501 poscere,
978 1461 1086 1501 quae
1118 1460 1389 1501 nequaquam
1415 1460 1465 1487 ex
1501 1444 1717 1486 sententia

144 1509 396 1561 praetorum
409 1505 566 1549 ,futura
593 1509 746 1548 essent.

805 1509 992 1547 statutus
1026 1508 1092 1546 est
1124 1506 1309 1547 comitiis
1337 1504 1443 1559 dies3
1477 1519 1560 1559 quo
1592 1518 1715 1545 neco·
1732 1505 1785 1546 27

144 1565 395 1619 pinantibus
430 1566 628 1606 omnibus
661 1580 772 1606 unus
804 1580 853 1607 ex
886 1565 1039 1606 ultima
1064 1565 1191 1606 turba
1210 1564 1435 1619 Epicyden
1465 1563 1718 1618 nominavit,

146 1628 240 1666 tum
279 1624 377 1665 inde
416 1625 525 1666 alius
557 1624 885 1680 Hippocratem3
931 1625 1167 1666 crebriores
1207 1624 1358 1665 deinde
1396 1624 1477 1665 hae
1516 1637 1641 1665 voces
1674 1625 1718 1664 et

146 1698 242 1726 cum
284 1683 398 1724 haud
439 1684 568 1725 dubio
612 1684 795 1725 adsensu
834 1684 1125 1725 multitudinis
1169 1698 1272 1725 esse.

147 1743 289 1784 contio
327 1757 415 1784 non
451 1743 649 1797 populari
688 1743 814 1785 modo
854 1744 927 1785 sed
959 1743 1137 1784 militari
1169 1757 1336 1797 quoque
1368 1743 1513 1795 turba,
1557 1755 1716 1796 magna

149 1816 197 1843 ex
224 1804 346 1857 parte
368 1802 493 1843 etiam
515 1801 725 1857 perfugis,
758 1803 831 1857 qui
852 1803 998 1844 omnia
1017 1817 1177 1843 novare
1199 1802 1447 1856 cupiebant,
1478 1801 1716 1855 permixtis.

147 1931 252 1965 aliud
283 1941 391 1974 quam
423 1931 590 1972 emiliam,
615 1930 729 1974 'quam
760 1931 892 1975 relega-

148 1978 280 2012 tionem
303 1976 413 2021 pati?
441 1977 554 2012 daher
574 1977 809 2012 militairisch
833 1978 892 2021 22,

147 2028 205 2068 25,
232 2028 252 2058 5
280 2025 457 2059 consulem
477 2026 608 2069 procul
634 2025 678 2059 ab
695 2026 814 2059 Italia
833 2026 893 2059 ab·

147 2072 303 2116 legatum
331 2071 698 2115 ‘abcommandiert'3
726 2073 894 2118 dagegen

145 2118 213 2162 40,
246 2123 308 2162 41,
343 2122 385 2153 10
420 2124 566 2154 senatus
600 2121 819 2162 consultum,
853 2124 894 2154 ut

147 2166 206 2200 M.
226 2166 387 2201 Fulvius
411 2168 452 2201 in
472 2167 698 2211 Hispaniam
722 2168 893 2212 releyare-

145 2217 208 2248 tur
233 2214 456 2259 wenigstens
486 2214 782 2250 ‘strafversetzt’.

196 2265 250 2295 10.
277 2265 317 2295 ut
333 2282 373 2286 —
391 2263 567 2305 cernebat,
593 2263 683 2308 tum]
699 2274 726 2297 s.
743 2275 785 2297 zu
802 2267 833 2305 1,
861 2267 892 2297 6.

196 2312 250 2343 11.
277 2309 427 2354 institit]
455 2309 588 2344 ebenso
615 2315 671 2353 46,
699 2314 735 2352 l;
776 2310 810 2354 8,
838 2314 894 2352 35,

147 2359 167 2389 2
212 2366 316 2389 orare
359 2356 568 2391 dictatorem
606 2358 782 2391 insistunt
819 2358 894 2392 und

148 2405 249 2437 sonst
274 2402 340 2437 oft.

196 2462 219 2485 a
244 2461 317 2494 qua
344 2470 385 2475 —
414 2450 606 2495 abstinere]
634 2464 661 2485 s.
688 2464 731 2486 zu
760 2456 815 2494 14,
842 2455 874 2485 8.

198 2501 250 2532 13.
292 2501 367 2531 tum
404 2498 555 2543 quoque]
590 2514 632 2526 =
667 2500 720 2532 sie
757 2509 895 2543 quoque

151 2544 261 2579 ‘auch
287 2555 326 2579 so
352 2544 478 2587 noch',
511 2544 700 2589 obgleich,
736 2547 803 2580 wie
831 2546 894 2581 das

147 2591 336 2637 Folgende
358 2592 474 2636 zeigt,
497 2592 640 2626 allerlei
655 2593 894 2628 Hindernisse

148 2639 361 2674 vorhanden
389 2650 521 2673 waren.

196 2687 363 2731 eluctari]
377 2687 427 2721 ist
441 2682 505 2720 ἅπ.
528 2685 607 2730 dp„
626 2686 708 2721 eine
722 2686 894 2731 Bildung,

149 2732 208 2768 die
235 2733 274 2767 L.
301 2733 383 2768 dem
411 2733 538 2778 Vergil
564 2733 734 2768 entlehnt
758 2733 834 2769 hat.

199 2784 251 2815 16.
278 2781 319 2815 in
345 2782 458 2815 locum
486 2783 529 2815 A.
565 2782 710 2815 comitia
732 2781 893 2827 poscere]

148 2826 238 2861 kurz
264 2830 357 2862 statt
382 2829 615 2872 praetoribus
641 2829 682 2862 in
707 2829 822 2863 Iocum
848 2829 892 2863 A.

149 2875 315 2909 creandis
342 2877 486 2910 comitia
508 2887 544 2920 p.

1014 1930 1077 1965 27.
1125 1930 1441 1975 Hippokrates
1482 1929 1570 1964 und
1614 1928 1716 1974 Epi-

966 1978 1107 2022 kydes
1126 1977 1357 2012 Pratoren.
1396 1976 1716 2012 Verhandlun-

966 2036 1051 2070 gen
1076 2024 1158 2059 mit
1181 2025 1436 2060 Marcellus.

1016 2089 1046 2118 1.
1067 2085 1213 2130 ultima]
1238 2084 1349 2129 ‘ganz
1370 2083 1531 2118 entfernt
1550 2082 1716 2125 stehend,

966 2143 1025 2167 am
1046 2134 1257 2166 aussersten
1276 2131 1440 2173 Rande',
1460 2131 1525 2165 der
1538 2131 1717 2175 Vorgang

966 2180 1058 2214 wird
1089 2191 1161 2214 von
1188 2179 1227 2215 L.
1259 2179 1355 2214 nach
1387 2178 1567 2223 richtiger
1599 2177 1715 2212 Beob-

967 2228 1132 2272 achtung
1158 2226 1429 2261 menschlicher
1453 2225 1625 2270 Feigheit
1654 2236 1715 2270 ge-

967 2275 1154 2310 schildert.

1014 2334 1115 2379 inde]
1146 2333 1199 2367 ‘in
1226 2333 1341 2378 Folge
1368 2332 1517 2374 davon',
1544 2330 1629 2365 weil
1656 2329 1716 2365 die

967 2381 1099 2416 beiden
1126 2380 1270 2415 Namen
1306 2379 1541 2424 gewohnlich
1575 2389 1715 2411 zusam-

967 2440 1051 2462 men
1077 2430 1243 2473 gcnannt
1269 2427 1428 2461 wurden.

1014 2491 1045 2522 2.
1073 2486 1242 2531 confusa]
1270 2485 1338 2519 wie
1364 2489 1426 2527 32,
1454 2488 1491 2527 9,
1529 2483 1620 2518 wird
1653 2484 1715 2518 be-

967 2534 1128 2579 grfindet
1163 2533 1277 2567 durch
1310 2532 1380 2566 den
1412 2532 1496 2565 Abl.
1533 2531 1608 2565 abs.
1642 2542 1716 2565 non

963 2581 1142 2625 populari
1170 2601 1210 2605 -
1232 2579 1447 2624 pcrmiaetis;
1473 2579 1546 2623 vgl.
1577 2578 1636 2620 25,
1661 2582 1714 2619 14,

971 2632 1013 2662 10
1034 2629 1155 2662 caedes
1179 2629 1276 2669 inde,
1301 2638 1375 2660 ‘non
1394 2627 1468 2660 iam
1488 2637 1619 2670 puyna
1638 2629 1715 2659 erat

968 2676 1133 2710 omnibus
1159 2675 1259 2709 intra
1282 2674 1419 2708 vallum
1441 2673 1641 2717 permixtis.

1009 2734 1189 2778 populari
1227 2733 1352 2778 turba]
1398 2749 1441 2760 =
1474 2732 1715 2776 popularium

968 2782 1096 2821 turbem
1127 2781 1195 2815 wie
1231 2780 1295 2815 der
1322 2780 1528 2823 Gegensatz
1560 2780 1716 2813 militari

967 2829 1137 2870 beweist‚
1182 2828 1262 2862 sind
1304 2828 1500 2871 populares
1535 2843 1578 2855 =
1611 2827 1714 2869 cives,

969 2877 1102 2911 ebenso
1130 2880 1161 2920 2,
1189 2879 1219 2910 8.
1272 2879 1327 2919 32,
1354 2879 1374 2908 4
1402 2886 1434 2908 u.
1464 2878 1494 2908 7.

1045 796 1139 835 tum
1183 807 1351 849 quoque
1396 792 1511 834 haud
1555 806 1712 847 magno
1743 803 1784 834 13

1094 1329 1241 1382 itaque
1273 1327 1452 1368 fremere
1484 1326 1714 1368 multitudo
1744 1337 1786 1368 16

1330 1687 1371 1724 et
1410 1686 1502 1724 erat
1535 1682 1715 1724 confusa
1744 1694 1763 1723 2
