1882 3163
124 132 151 151 a.
173 124 239 150 chr.
259 132 287 149 n.
309 124 373 150 212.
649 113 794 148 LIBER
820 114 932 151 XXV.
973 114 1073 150 CAP.
1103 119 1156 150 19.
1634 117 1692 158 43

123 226 319 265 manum,
358 210 561 253 Claudius
599 211 646 252 in
683 210 880 252 Lucanos
920 211 1038 253 abiit.
1100 214 1274 266 postero
1314 212 1380 254 die
1424 227 1521 255 cum
1556 227 1692 255 vacua
1720 224 1740 255 7

125 275 268 313 eastra
299 270 594 312 Romanorum
627 284 718 311 esse
757 270 1003 311 nuntiatum
1035 270 1271 312 Hannibali
1309 274 1422 313 esset
1454 275 1496 313 et
1527 272 1692 315 duobus

124 329 369 385 agminibus
401 330 592 371 diversos
625 328 783 382 abisse,
821 329 1009 370 incertus
1048 330 1208 384 primo,
1246 333 1392 371 utrum
1432 334 1692 386 sequeretur,

56 391 62 395 '
122 389 315 443 Appium
346 388 507 430 institit
540 387 672 442 sequi.
721 387 794 428 illc
827 387 1114 429 circumducto
1147 389 1282 442 hoste,
1315 405 1398 444 qua
1429 391 1577 445 voluit,
1606 391 1690 433 alio
1717 400 1738 432 8

123 448 273 489 itinere
307 447 359 488 ad
392 446 585 501 Capuam
615 445 752 487 rediit.

241 505 480 547 Hannibali
512 505 596 546 alia
627 505 673 546 in
703 504 772 546 his
803 505 909 546 locis
936 505 1043 546 bene
1077 506 1286 560 gerendae
1317 506 1380 548 rei
1410 507 1585 550 fortuna
1618 509 1691 550 ob-

122 565 212 606 lata
244 567 320 606 est.
375 564 432 607 M.
459 564 690 606 Centenius
720 563 804 604 fuit
837 564 1091 618 cognomine
1122 564 1331 620 Paenula,
1364 566 1547 621 insignis
1579 568 1692 610 inter
1717 578 1738 608 9

121 624 250 679 primi
287 624 367 678 pili
406 623 676 666 centuriones
715 625 758 663 et
795 622 1092 677 magnitudine
1131 624 1321 678 corporis
1361 627 1403 666 et
1435 626 1590 668 animo.
1653 627 1690 669 is
1719 636 1763 668 10

121 683 371 737 perfunctus
404 683 560 724 militia
584 696 661 736 per
686 680 732 723 P.
759 679 1007 723 Cornelium
1033 681 1198 724 Sullam
1223 686 1466 737 praetorem
1493 685 1538 726 in
1571 700 1690 727 sena-

120 744 213 783 tum
244 742 511 784 introductus
543 741 654 795 petit
686 755 710 781 a
741 741 956 795 patribus,
993 741 1058 782 uti
1096 741 1178 783 sibi
1211 743 1398 797 quinque
1430 743 1549 785 milia
1581 745 1690 786 mili-

120 803 212 842 tum
245 801 468 842 darentur:
508 815 552 842 se
584 800 769 854 peritum
802 802 846 840 ct
875 799 1012 841 hostis
1044 803 1086 841 et
1117 801 1343 855 regionum
1382 802 1501 844 brevi
1536 818 1690 858 operae
1720 813 1760 844 11

120 860 305 914 pretium
337 860 551 901 facturum
590 862 632 900 et
677 859 833 913 quibus
872 859 1038 900 artibus
1080 860 1133 901 ad
1173 860 1217 901 id
1248 861 1440 902 locorum
1478 863 1616 904 nostri
1649 866 1691 904 ct

121 919 247 960 duces
280 921 322 960 et
354 919 561 961 exercitus
589 919 704 972 capti
723 920 877 971 forent,
903 918 954 959 iis
982 918 1186 960 adversus
1213 919 1481 962 inventorem
1501 936 1689 962 usurum.

118 977 162 1019 id
193 992 282 1020 non
313 978 574 1032 promissum
607 978 746 1032 magis
779 976 933 1018 stolide
966 992 1095 1032 quam
1128 978 1282 1020 stolide
1315 979 1542 1031 creditum,
1580 983 1688 1021 tam·
1717 989 1759 1020 12

120 1051 249 1092 quam
282 1037 456 1078 eaedem
488 1037 699 1078 militares
733 1039 775 1077 et
807 1036 1110 1090 imperatoriae
1138 1039 1251 1079 artes
1279 1041 1432 1080 essent.
1484 1039 1584 1081 data
1608 1054 1686 1094 pro
1716 1049 1759 1080 13

120 1096 307 1150 quinque
340 1099 437 1137 octo
470 1096 589 1137 milia
620 1096 819 1148 militum,
850 1110 949 1149 pars
984 1095 1159 1137 dimidia
1192 1097 1318 1151 cives,
1349 1112 1449 1151 pars
1477 1098 1593 1140 socii.
1644 1101 1687 1140 et

120 1155 212 1209 ipse
246 1155 511 1210 aliquantum
543 1155 883 1196 voluntariorum
915 1155 961 1196 in
992 1154 1145 1196 itinere
1178 1170 1228 1196 ex
1260 1157 1376 1210 agris
1415 1158 1600 1199 concivit
1638 1172 1687 1199 ac

116 1228 251 1268 prope
291 1215 507 1268 duplicato
545 1214 735 1256 exercitu
774 1214 819 1254 in
856 1212 1054 1255 Lucanos
1094 1215 1308 1269 pervenit,
1351 1216 1426 1256 ubi
1465 1216 1686 1258 Hannibal

117 1274 379 1328 nequiquam
412 1276 581 1315 secutus
609 1271 833 1314 Claudium
866 1273 1128 1314 substiterat.
1179 1273 1294 1315 haud
1327 1274 1456 1316 dubia
1486 1290 1553 1316 res
1581 1278 1685 1330 erat,
1713 1284 1758 1316 14

118 1332 276 1387 quippe
314 1333 427 1373 inter
464 1331 754 1374 Hannibalem
792 1332 942 1373 ducem
980 1334 1022 1372 et
1059 1333 1352 1374 centurionem
1391 1334 1686 1389 exercitusque

119 1392 301 1432 alterum
332 1391 541 1433 vincendo
575 1394 836 1445 veteranum,
869 1391 1051 1432 alterum
1077 1405 1239 1433 novum
1264 1394 1416 1446 totum,
1449 1407 1608 1448 magna
1634 1408 1685 1435 ex

117 1453 238 1504 parte
271 1451 402 1491 etiam
439 1451 769 1492 tumultuarium
808 1464 856 1491 ac
895 1463 1158 1492 semermem.
1219 1454 1268 1492 ut
1307 1455 1536 1506 conspecta
1572 1453 1685 1494 inter
1713 1461 1755 1493 15

118 1524 162 1550 se
195 1510 369 1565 agmina
402 1512 502 1551 sunt
540 1512 582 1550 et
621 1512 774 1550 neutra
811 1523 912 1563 pars
945 1509 1198 1551 detrectavit
1228 1524 1435 1566 pugnam,
1469 1511 1683 1566 extemplo

115 1569 351 1610 instructae
384 1569 510 1610 acies.
571 1570 810 1623 pugnatum
842 1570 1006 1623 tamen,
1042 1571 1090 1609 ut
1122 1569 1166 1610 in
1197 1569 1317 1611 nulla
1348 1571 1443 1624 pari
1474 1585 1538 1622 re,
1577 1571 1682 1612 duas

114 1627 228 1668 haud
258 1628 441 1682 amplius
472 1627 604 1669 horas
637 1629 880 1680 constante,
912 1627 1045 1668 donec
1077 1628 1162 1668 dux
1189 1629 1321 1682 stetit,
1353 1629 1550 1670 Romana
1583 1630 1682 1671 acie.

115 1689 348 1741 postquam
380 1687 416 1728 is
447 1701 535 1728 non
567 1702 644 1741 pro
678 1690 817 1727 vetere
849 1686 966 1728 fama
1006 1687 1163 1740 solum,
1202 1688 1275 1728 sed
1308 1689 1436 1729 etiam
1469 1691 1585 1730 metu
1618 1689 1682 1730 fu-
1712 1698 1753 1729 16

163 1842 194 1872 6.
222 1837 329 1883 abiit]
350 1837 418 1871 hat
439 1837 518 1871 sich
539 1847 586 1870 an
604 1836 779 1871 Claudius
801 1848 862 1871 an-

115 1884 376 1929 geschlossen,
411 1883 559 1919 obwohl
593 1895 703 1928 sogar
730 1886 864 1920 diversi

116 1931 372 1974 hinzugesetzt
396 1942 482 1965 war.

165 1983 195 2013 7.
228 1974 378 2024 institit]
414 1978 531 2023 ‘legte
558 1978 637 2012 sich
666 1978 736 2012 mit
762 1977 863 2012 Eifer

115 2025 205 2059 auf.
229 2026 266 2067 .',
299 2037 374 2059 von
404 2027 534 2061 insisto
560 2026 656 2059 nach
684 2026 724 2067 8,
752 2030 813 2068 35,
842 2031 861 2060 2

115 2084 218 2108 orare
243 2073 454 2108 dictatorem
478 2074 663 2108 insistunt.

163 2125 194 2154 9.
240 2121 336 2155 inter
366 2121 483 2164 primi
508 2121 583 2165 pile?
619 2121 860 2166 centwe'ones]

115 2167 149 2201 (1.
182 2167 217 2200 11.
257 2178 296 2201 er
333 2178 411 2201 war
435 2169 552 2212 primi
576 2169 650 2212 pili
688 2169 860 2210 centurio,

115 2216 232 2249 erster
265 2213 440 2248 Centurio
475 2215 596 2249 seiner
627 2214 768 2259 Legion
799 2226 860 2259 ge-

114 2272 239 2296 wesen
264 2261 339 2295 und
365 2261 469 2296 hatte
498 2262 577 2295 sich
599 2264 707 2296 unter
733 2262 862 2296 seinen

113 2307 408 2353 Ranggenossen
429 2308 481 2354 (in
496 2309 635 2343 andern
655 2308 859 2353 Legionen)

114 2355 416 2400 ausgezeichnet3
443 2356 518 2399 vgl.
543 2357 574 2398 7,
597 2362 652 2398 41,
674 2361 693 2390 5
715 2358 861 2400 primus·

114 2404 275 2437 centurio
300 2407 388 2445 erat,
415 2414 516 2447 quem
538 2415 636 2438 mmo
656 2405 772 2448 primi
785 2405 862 2448 pili

113 2450 309 2494 appellant.

163 2501 217 2531 10.
239 2498 456 2541 perfunctus
472 2497 618 2542 militia]
642 2508 668 2530 s.
691 2508 733 2530 zu
754 2501 786 2539 6,
804 2502 857 2532 16.

165 2548 217 2578 11.
245 2555 372 2588 operae
391 2545 551 2588 pretium
576 2544 775 2589 facturum]
803 2555 858 2588 op.

108 2602 168 2636 pr.
196 2608 240 2620 =
267 2592 394 2632 etwas,
422 2590 487 2623 (las
514 2590 579 2624 der
602 2590 713 2624 Mfihe
740 2591 858 2632 lohnt‚

114 2637 148 2671 d.
177 2638 211 2672 h.
240 2639 354 2672 etwas
374 2637 634 2671 Bedentendes
662 2638 752 2672 oder
771 2637 858 2672 Ver-

114 2684 375 2726 dienstliches,
411 2684 505 2718 eben
529 2695 568 2718 so
602 2689 662 2727 30,
691 2690 722 2718 3.
772 2684 856 2729 vgl.

112 2742 240 2776 operae
254 2733 411 2776 pretium
433 2736 483 2766 est
504 2732 551 2773 (3,
569 2736 625 2773 26,
643 2736 676 2775 7)
696 2732 770 2765 und
792 2732 858 2766 <las

113 2778 260 2823 hiiufige
287 2790 413 2823 operae
438 2783 487 2814 est
517 2779 597 2819 (21,
625 2783 663 2819 9,
691 2784 710 2812 3
739 2790 771 2812 11.
799 2781 857 2820 11.).

161 2827 210 2860 ad
223 2827 262 2861 id
278 2827 448 2871 loom-mn]
466 2825 662 2870 temporal,
677 2825 746 2859 wic
763 2825 857 2859 auch

114 2876 169 2915 22,
194 2877 222 2907 1.
250 2877 305 2915 32,
328 2877 347 2907 2
378 2873 452 2907 und
480 2874 594 2907 sonst.

984 1838 1114 1882 nostri]
1137 1848 1202 1871 aus
1223 1838 1288 1872 der
1315 1838 1480 1872 directen
1495 1839 1596 1873 Rede
1617 1839 1683 1874 der

935 1883 1196 1918 Deutlichkeit
1226 1896 1357 1929 wegen
1382 1886 1633 1921 beibehalten.

986 1947 1038 1977 12.
1060 1945 1235 1979 militares
1250 1949 1282 1979 et
1304 1945 1556 1988 imperatoriae
1571 1946 1680 1992 artes]

937 2002 963 2024 s.
992 2002 1034 2024 zu
1063 1995 1117 2033 18,
1146 1995 1176 2025 6.

985 2052 1038 2083 14.
1066 2050 1197 2093 quippe
1212 2050 1319 2096 irater]
1341 2050 1429 2084 kurz
1445 2052 1537 2085 statt
1550 2053 1682 2096 quippe

936 2106 1015 2130 cum
1041 2107 1096 2130 res
1121 2101 1208 2131 esset
1233 2098 1292 2140 (=
1312 2100 1503 2143 gereretur)
1528 2100 1623 2133 'inter
1644 2128 1650 2133 .
1672 2127 1679 2133 .

981 2143 1157 2178 vincendo
1177 2145 1258 2190 ret]
1280 2144 1341 2178 ein
1360 2145 1527 2179 modales
1543 2145 1681 2180 Gerun-

935 2189 1052 2231 dium,
1085 2190 1244 2225 welches
1272 2191 1332 2226 die
1358 2192 1427 2226 Art
1453 2193 1528 2226 und
1554 2192 1681 2228 Weise

934 2236 1105 2281 angiebt,
1147 2238 1284 2272 ‘unter’
1326 2239 1488 2274 welcher
1519 2240 1584 2274 das
1618 2240 1681 2274 Er-

933 2295 1074 2327 grauen
1107 2286 1390 2330 stattgefunden
1421 2287 1497 2321 hat.
1550 2287 1682 2321 Dieser

935 2330 1130 2366 Gebrauch
1156 2332 1206 2366 ist
1231 2333 1292 2367 bei
1318 2333 1396 2367 Liv.
1424 2334 1561 2377 hiiufig,
1589 2346 1615 2368 z,
1637 2334 1677 2369 B.

934 2378 968 2419 3,
995 2383 1051 2420 65,
1078 2384 1099 2413 4
1126 2381 1348 2414 insectandis
1367 2382 1539 2424 patribus
1565 2382 1679 2415 tribu-

932 2430 1057 2460 mttum
1085 2427 1202 2471 acessit.
1248 2427 1282 2468 5,
1304 2431 1359 2468 43,
1383 2432 1401 2461 7
1429 2439 1508 2462 cum
1529 2428 1678 2472 (Camil-

934 2473 1003 2515 lus)
1041 2474 1114 2507 (liis
1151 2473 1425 2518 hominibusque
1461 2476 1679 2510 accusandis

932 2524 1138 2561 senesceret3
1166 2520 1240 2563 vgl.
1268 2526 1324 2562 36,
1349 2525 1377 2555 1.
1406 2525 1461 2563 37,
1484 2525 1514 2555 7.
1543 2526 1598 2563 38,
1620 2526 1676 2556 23.

981 2579 1274 2624 tunmltuarium]
1308 2579 1570 2613 unordentlich
1605 2580 1616 2596 ‘

934 2636 1011 2657 sam
1016 2636 1098 2659 111011
1102 2637 1146 2669 ge
1151 2625 1234 2659 rafl't
1240 2626 1247 2640 ⁷
1255 2654 1261 2660 .

984 2688 1035 2718 15.
1068 2688 1108 2718 ut
1140 2685 1181 2718 in
1206 2685 1310 2719 malla
1330 2685 1495 2729 parire]
1536 2685 1605 2718 wie
1639 2697 1676 2720 cs

932 2730 992 2764 bei
1014 2730 1133 2774 vollig
1153 2731 1379 2775 ungleichen
1392 2731 1677 2767 Verhi'zltnissen

932 2788 1001 2810 nur
1038 2777 1224 2811 natsirlich
1264 2789 1356 2820 war,
1401 2779 1525 2813 wurde
1572 2779 1677 2814 nicht

933 2824 1060 2867 lange,
1088 2824 1250 2858 ni'nnlich
1278 2827 1371 2861 duas
1395 2826 1494 2861 haud
1520 2828 1677 2872 amplius

931 2871 1050 2914 horas,
1078 2871 1282 2917 gckiimpft.

1620 2592 1678 2614 ΖΠ-
