1882 3163
174 78 199 119 6
671 79 815 115 LIBER
840 79 952 117 XXII.
1004 80 1106 115 CAP.
1133 85 1164 115 2.
1193 86 1224 116 3.

1576 98 1600 117 a.
1621 99 1649 118 u.
1669 93 1732 119 537.

128 198 147 229 9
176 187 220 228 in
254 202 363 242 aqua
395 187 572 229 sarcinis
606 188 781 242 insuper
812 188 1135 243 incumbebant,
1166 193 1240 230 aut
1263 189 1550 230 iumentorum
1576 189 1727 232 itinere

173 249 265 288 toto
298 248 613 300 prostratorum
651 247 811 301 passim
849 248 988 289 acervi
1025 250 1213 302 tantum,
1252 248 1364 303 quod
1404 250 1568 289 extaret
1607 263 1731 303 aqua,

175 305 477 359 quaerentibus
517 305 568 347 ad
607 306 793 360 quietem
837 307 959 361 parvi
1002 307 1210 361 temporis
1255 307 1544 348 necessarium
1589 308 1728 349 cubile

106 376 146 405 10
174 364 345 406 dabant.
402 365 493 419 ipse
520 364 757 419 Hannibal,
790 380 916 421 aeger
949 366 1082 408 oculis
1117 381 1167 407 ex
1199 381 1327 408 verna
1358 366 1544 420 primum
1575 366 1730 408 intem-

174 424 289 477 perie
321 425 516 465 variante
549 425 710 466 calores
745 425 1009 479 frigoraque,
1052 425 1299 480 elephanto,
1338 425 1411 480 qui
1443 440 1552 466 unus
1586 439 1729 480 super-

108 494 145 524 11
177 483 332 537 fuerat,
371 497 453 537 quo
494 484 619 526 altius
653 484 704 525 ab
738 499 850 539 aqua
888 487 1068 538 extaret,
1107 488 1270 539 vectus,
1306 484 1465 539 vigiliis
1504 487 1648 525 tamen
1686 487 1729 526 et

175 544 386 584 nocturno
419 557 567 584 umore
600 543 862 598 palustrique
889 544 1006 585 caelo
1035 546 1240 598 gravante
1268 545 1416 597 caput,
1449 545 1491 584 et
1515 544 1614 598 quia
1640 558 1725 585 me-

176 601 300 642 dendi
331 615 408 643 nec
440 602 557 644 locus
589 617 668 644 nec
699 605 867 657 tempus
900 605 1007 657 erat,
1041 603 1173 644 altero
1208 603 1331 644 oculo
1365 603 1542 657 capitur.

293 659 441 702 Multis
474 661 718 703 hominibus
750 662 1036 717 iumentisque
1068 662 1188 704 foede
1222 662 1392 703 amissis
1426 676 1521 703 cum
1552 662 1728 704 tandem

172 719 222 760 de
254 720 483 773 paludibus
516 721 777 775 emersisset,
817 721 890 762 ubi
927 722 1114 776 primum
1152 721 1194 762 in
1236 721 1346 763 Sicco
1388 722 1547 774 potuit,
1586 723 1726 763 castra

170 779 302 833 locat,
335 782 579 834 certumque
613 795 687 833 per
712 781 971 834 praemissos
999 781 1292 834 exploratores
1319 780 1469 821 habuit
1495 780 1726 822 exercitum

125 849 144 879 2
174 837 414 879 Romanum
447 838 559 880 circa
591 840 736 880 Arreti
769 840 938 881 moenia
979 854 1081 881 esse.

1144 839 1331 881 consulis
1365 838 1513 880 deinde
1547 840 1726 881 consilia

173 899 300 952 atque
328 897 519 939 animum
553 900 594 939 et
621 899 751 940 situm
777 900 1002 953 regionum
1028 899 1265 952 itineraque
1293 901 1335 939 et
1361 899 1506 951 copias
1534 899 1586 940 ad
1613 913 1725 940 com-

172 958 335 998 meatus
379 957 660 1010 expediendos
706 961 748 999 et
792 963 950 1011 cetera,
995 970 1102 1012 quae
1148 971 1357 1012 cognosse
1401 957 1446 998 in
1489 972 1580 998 rem
1625 960 1727 1011 erat,

123 1027 142 1057 3
172 1029 338 1056 summa
371 1016 515 1058 omnia
547 1031 642 1057 cum
674 1031 775 1058 cura
810 1017 1062 1070 inquirendo
1097 1016 1417 1070 exsequebatur„

1478 1017 1598 1071 regio
1631 1019 1724 1058 erat

170 1074 213 1114 in
252 1075 403 1128 primis
442 1074 593 1116 Italiae
631 1075 803 1129 fertilis,
841 1075 1015 1117 Etrusci
1059 1075 1215 1129 campi,
1261 1075 1333 1129 qui
1369 1074 1573 1116 Faesulas
1611 1076 1725 1117 inter

171 1133 471 1188 Arretiumque
493 1134 649 1187 iacent,
676 1135 879 1176 frumenti
907 1149 955 1176 ac
981 1134 1145 1188 pecoris
1167 1136 1209 1175 et
1229 1134 1420 1175 omnium
1441 1134 1564 1188 copia
1583 1148 1724 1176 rerum

122 1203 143 1233 4
170 1193 377 1246 opulenti3
411 1193 558 1234 consul
584 1193 701 1234 ferox
729 1194 782 1235 ab
809 1194 1033 1236 consulatu
1058 1193 1216 1248 priore,
1244 1195 1285 1233 et
1310 1207 1397 1234 non
1424 1193 1551 1235 modo
1578 1193 1723 1249 legum

171 1254 244 1292 aut
274 1254 446 1306 patrum
479 1252 718 1294 maiestatis
752 1253 824 1295 sed
856 1268 909 1295 ne
948 1253 1123 1294 deorum
1163 1252 1333 1306 quidem
1373 1252 1479 1293 satis
1518 1254 1726 1294 metuens.

170 1310 280 1352 hanc
311 1311 486 1352 insitam
519 1312 691 1366 ingenio
725 1313 812 1354 eius
844 1312 1133 1353 temeritatem
1165 1312 1340 1353 fortuna
1378 1326 1583 1366 prospero
1627 1311 1726 1353 civi-

124 1382 143 1412 5
171 1370 281 1411 libus
308 1370 558 1426 bellicisque
584 1371 711 1412 rebus
739 1386 936 1414 successu
964 1372 1138 1413 aluerat.
1189 1371 1334 1426 itaque
1361 1370 1465 1412 satis
1488 1371 1725 1425 apparebat

169 1498 203 1520 u.
225 1489 256 1520 a.
277 1485 381 1520 nicht
404 1486 503 1520 wohl
528 1486 735 1531 gebraucht
760 1488 907 1523 werden

169 1533 284 1577 kann,
325 1533 399 1567 und
437 1534 632 1579 voragines
666 1538 685 1576 ἓ
713 1539 743 1569 5.
774 1540 793 1570 6
828 1535 917 1577 sich,

171 1580 323 1625 speziell
349 1581 416 1615 auf
439 1581 503 1616 das
523 1582 609 1616 Bett
635 1581 699 1616 des
720 1583 819 1617 Arno
845 1583 907 1616 be-

169 1627 277 1662 zieht.
306 1648 347 1652 ——
375 1629 526 1672 insuper
559 1630 629 1663 inc.
664 1629 712 1663 da
744 1630 907 1674 superin-

172 1675 343 1709 cumbere
377 1675 415 1710 in
440 1675 662 1710 klassischer
686 1677 802 1712 Prosa
827 1688 907 1711 ver—

170 1722 316 1757 mieden
344 1723 450 1765 wird,
485 1735 529 1757 zu
556 1735 584 1759 0.
613 1728 675 1766 51,
703 1728 722 1758 9
750 1724 825 1758 und
850 1728 906 1769 21,

173 1773 202 1812 1,
224 1774 255 1804 5.
279 1790 322 1794 —-
337 1771 494 1814 passim,
520 1771 684 1805 namlich
705 1767 822 1816 ὄντες,
848 1783 909 1816 ge-

169 1817 256 1851 hort
281 1829 323 1851 zu
350 1818 483 1862 acervi,
512 1818 580 1853 wie
601 1817 640 1853 it.
662 1819 741 1853 toto
762 1831 806 1853 zu
826 1830 909 1863 pro—

171 1867 382 1899 stratorum.
404 1886 447 1889 ——
468 1876 576 1907 unus,
598 1876 668 1900 von
688 1866 761 1900 den
782 1870 825 1901 37
844 1877 908 1901 aus

172 1911 334 1955 Spanien
358 1912 669 1957 mitgebrachten,
697 1917 752 1957 21,
776 1917 831 1957 58,
855 1918 908 1948 11.

170 1980 213 1983 —
241 1960 353 2003 caelo,
387 1960 527 2004 Klima,
561 1959 663 2003 Luft3
701 1972 753 2006 yr.
788 1964 909 2004 caput,

170 2006 253 2041 weil
292 2006 547 2051 Augenleiden
591 2008 646 2042 oft
688 2008 758 2042 mit
796 2007 908 2053 Kopf-

169 2053 380 2088 schmerzen
411 2054 623 2089 verbunden
658 2055 750 2089 sind.
779 2075 821 2079 —
849 2066 910 2089 ca-

162 2102 287 2145 pitur,
346 2101 421 2135 Pol.
475 2099 659 2145 ἐστερήθη
709 2102 774 2145 τῆς
823 2102 910 2146 μιᾶς

174 2145 314 2192 ὅψεως,
342 2147 419 2181 Per.
448 2147 526 2182 Liv.
555 2152 598 2182 22
627 2148 733 2183 oculo
760 2148 908 2191 amisso,

171 2204 351 2238 wogegen
376 2195 472 2228 nach
499 2195 623 2239 Nepos
650 2196 768 2230 Hann.
795 2198 817 2229 4
844 2195 908 2230 das

171 2241 252 2277 eine
278 2244 383 2285 Auge
411 2253 479 2275 nur
503 2242 741 2286 geschwacht
761 2242 910 2277 worden

172 2288 250 2323 sein
290 2288 369 2323 soll.
422 2288 503 2332 Vgl.
543 2289 629 2324 Tac.
662 2288 756 2324 Hist.
784 2293 825 2331 4,
856 2293 907 2324 13.

176 2337 299 2370 Iuven.
329 2339 384 2379 10,
408 2339 485 2378 158,
513 2335 619 2380 Apul.
648 2336 692 2370 de
719 2336 787 2370 deo
810 2336 910 2371 Socr.

173 2387 192 2418 7
226 2385 268 2418 ut
301 2382 503 2418 Hannibali
539 2383 682 2418 somnia
712 2383 911 2418 orbitatem

173 2429 270 2465 oculi
296 2431 615 2472 comminitentur3
644 2430 731 2465 siber
757 2431 842 2474 capi
868 2443 912 2465 zu

219 2525 335 2571 3—7,
365 2529 397 2561 5.
436 2525 656 2559 Schlacht
682 2536 747 2559 am
775 2525 911 2559 trasi-

172 2572 469 2606 mennischen
496 2571 593 2614 See,
618 2572 656 2606 in
683 2572 746 2606 der
772 2572 912 2616 Haupt-

174 2618 282 2654 sache
320 2619 415 2654 nach
453 2619 531 2654 Pol.
571 2623 608 2662 3,
649 2622 803 2662 80—85,
843 2619 911 2653 mit

175 2666 322 2710 einigen
348 2666 604 2701 rhetorischen
625 2667 910 2711 Ausfiihrungen

174 2713 248 2747 und
268 2713 459 2748 mehreren
482 2713 660 2748 Zusatzen
681 2725 746 2748 aus
765 2714 911 2748 Coelius

175 2760 388 2804 Antipater,
429 2772 458 2795 c.
493 2765 531 2803 3,
562 2764 709 2796 11—14.
750 2765 782 2804 6,
812 2764 912 2795 1-4.

177 2811 230 2840 11.
261 2810 312 2841 12.
342 2811 372 2851 7,
399 2808 481 2842 Anf.

226 2857 324 2887 1—3.
376 2855 418 2888 de
455 2855 657 2899 paludibus
702 2866 761 2889 em.
803 2864 912 2899 unge-

982 1487 1193 1522 wohnliche
1208 1487 1451 1532 Verbindung
1471 1488 1563 1521 statt
1582 1498 1626 1521 ex
1646 1487 1719 1532 pal.

983 1539 1012 1577 1,
1038 1539 1092 1578 13,
1115 1539 1145 1569 5.
1175 1539 1230 1576 25,
1252 1537 1307 1578 38,
1331 1539 1373 1569 10
1401 1535 1490 1570 oder
1515 1533 1600 1569 dem
1625 1534 1723 1569 blos-

982 1593 1046 1616 sen
1066 1582 1231 1625 Ablativ,
1256 1582 1449 1617 vielleicht
1477 1581 1619 1625 vulgar,
1647 1581 1721 1625 vgl.

980 1628 1113 1664 Vitruv
1137 1633 1167 1672 1,
1188 1633 1221 1672 6,
1245 1634 1285 1663 11
1307 1629 1363 1663 sol
1384 1628 1542 1672 emergit
1568 1628 1612 1663 de
1640 1629 1723 1664 sub-

980 1678 1150 1711 terranea
1175 1677 1298 1721 parte:
1326 1676 1492 1720 h‘aufiger
1521 1675 1612 1709 wird
1631 1675 1725 1710 auch

980 1734 1053 1758 von
1069 1724 1196 1758 Cicero
1212 1723 1255 1758 de
1270 1723 1442 1758 manibus
1458 1722 1526 1757 mit
1541 1723 1722 1766 emittere,

982 1772 1200 1815 extorquere
1222 1783 1255 1804 u.
1277 1775 1308 1805 a.
1335 1770 1562 1813 verbunden,
1590 1774 1646 1813 21,
1667 1772 1723 1814 48,

983 1823 1014 1853 6.
1042 1822 1098 1859 37,
1122 1822 1175 1858 12,
1198 1822 1228 1852 3.
1257 1839 1299 1842 —
1327 1822 1459 1853 certum
1486 1818 1567 1853 hab.
1590 1820 1646 1861 28,
1667 1821 1723 1860 40,

983 1870 1014 1908 6,
1043 1865 1131 1899 Sall.
1154 1864 1232 1901 Cat.
1261 1869 1317 1909 52,
1347 1869 1387 1900 17
1414 1875 1481 1909 pro
1509 1866 1610 1899 certo
1636 1864 1720 1900 hab.

984 1933 1026 1937 —
1053 1913 1223 1955 consilia,
1255 1912 1321 1947 der
1345 1911 1470 1947 Plural
1505 1912 1723 1946 bezeichnet

983 1960 1042 1994 die
1076 1958 1380 2003 verschiedenen,
1420 1959 1458 1993 in
1491 1958 1598 1993 einen
1628 1958 1720 1993 Plan

982 2007 1071 2042 oder
1096 2008 1155 2041 ein
1183 2006 1329 2050 system
1366 2006 1719 2041 zusammenlaufen-

983 2055 1054 2088 den
1080 2053 1282 2088 Gedanken
1308 2054 1381 2087 und
1408 2052 1633 2095 Absichten,
1661 2052 1720 2087 die

985 2100 1180 2145 Strategie,
1214 2101 1273 2135 die
1299 2100 1474 2134 Methode
1501 2100 1566 2133 der
1592 2099 1720 2143 Krieg-

982 2148 1159 2192 fiihrung3
1199 2151 1263 2190 42,
1291 2150 1352 2188 29,
1379 2151 1400 2180 4
1426 2146 1515 2181 belli
1547 2145 1721 2190 pacisque

984 2194 1155 2237 consilia,
1182 2193 1331 2227 Politik.
1361 2213 1405 2217 —
1430 2193 1630 2236 reqionum,
1655 2203 1719 2236 ge—

983 2240 1168 2275 wohnlich
1195 2240 1360 2274 locorum
1386 2250 1414 2274 0.
1438 2243 1493 2282 38,
1517 2244 1560 2282 93
1588 2240 1721 2284 copias,

982 2287 1251 2331 Hfilfsquellen,
1282 2298 1344 2320 um
1364 2286 1444 2321 eine
1465 2286 1724 2331 regelmassige

983 2334 1232 2378 Verpflegung
1258 2333 1524 2376 einzurichten3
1558 2335 1599 2368 in
1639 2345 1723 2376 rem,

984 2381 1283 2416 zweckdienlich.
1324 2401 1367 2406 —
1405 2381 1447 2415 in
1475 2382 1607 2424 prz'w'zis
1640 2382 1725 2425 sagt

983 2429 1089 2463 nieht
1140 2439 1178 2463 so
1224 2427 1297 2463 viel
1340 2427 1394 2461 als
1439 2428 1503 2462 der
1546 2427 1722 2463 deutsche

985 2475 1211 2521 Superlativ,
1263 2475 1310 2509 da
1354 2474 1579 2519 Campanien
1626 2474 1723 2509 noch

985 2523 1218 2559 fruchtbarer
1239 2533 1321 2555 war.
1343 2541 1385 2546 —
1407 2522 1512 2564 inter,
1538 2532 1721 2566 ungenau‚

985 2570 1069 2605 weil
1118 2570 1177 2604 die
1235 2569 1474 2603 fruchtbaren
1523 2568 1723 2613 Gegenden

985 2617 1174 2652 Etruriens
1188 2616 1291 2651 nicht
1304 2615 1485 2650 zwischen
1500 2615 1570 2649 den
1590 2616 1723 2650 beiden

985 2665 1195 2709 genannten
1210 2663 1366 2698 Stadten
1379 2662 1519 2707 hegen,
1532 2662 1590 2697 die
1600 2663 1632 2697 N
1637 2663 1723 2697 ach-

986 2712 1149 2756 stellung
1185 2711 1249 2745 der
1274 2709 1510 2754 Praposition
1536 2711 1637 2744 sonst
1661 2720 1721 2744 am

986 2759 1143 2794 liebsten
1168 2758 1263 2792 nach
1288 2757 1631 2802 vorausgehendem
1651 2758 1720 2792 Re-

985 2806 1292 2850 lativpronomen.

1032 2856 1135 2888 4—6.
1180 2851 1364 2893 civilibus,
1408 2849 1521 2885 durch
1565 2850 1624 2885 die
1663 2851 1723 2885 lex
