1882 3163
122 152 147 171 a.
167 144 218 171 ch.
239 145 300 170 217.
650 133 795 168 LIBER
820 133 934 169 XXII.
979 133 1082 169 CAP.
1109 137 1164 168 25.
1631 132 1687 172 41

240 242 306 284 De
338 243 391 284 iis
423 242 550 283 rebus
582 254 786 295 persaepe
820 244 862 281 et
893 241 937 281 in
971 244 1122 282 senatu
1162 244 1203 283 et
1235 242 1280 282 in
1313 241 1514 283 contione
1545 243 1689 282 actum
1709 244 1759 281 25

123 305 199 344 est.
270 316 366 343 cum
405 301 520 342 laeta
558 300 733 342 civitate
775 299 959 341 dictator
999 314 1110 340 unus
1155 300 1262 342 nihil
1306 315 1383 342 nec
1426 300 1567 341 famae
1610 314 1690 341 nec

122 361 280 402 litteris
320 360 512 402 crederet
549 363 602 413 et,
639 361 688 400 ut
728 373 826 400 vera
865 359 1012 400 omnia
1050 362 1211 410 essent,
1252 359 1436 401 secunda
1475 373 1518 400 se
1551 359 1690 413 magis

1717 310 1736 340 2

125 434 252 474 quam
287 419 466 461 adversa
496 419 646 459 timere
679 417 858 471 diceret,
889 420 981 459 tum
1014 416 1071 457 M.
1097 417 1288 459 Metilius
1320 418 1518 459 tribunus
1551 418 1690 472 plebis
1717 429 1737 460 3

123 478 164 520 id
199 479 414 520 enimvero
446 477 668 518 ferendum
701 491 793 518 esse
825 478 975 532 negat:
1018 491 1106 517 non
1146 479 1417 531 praesentem
1458 477 1596 518 solum
1629 477 1689 518 di·
1716 488 1738 518 4

123 540 332 580 ctatorem
354 536 575 578 obstitisse
593 535 657 577 rei
677 536 785 577 bene
807 535 1032 590 gerendae,
1054 535 1126 576 sed
1149 536 1372 577 absentem
1393 536 1522 577 etiam
1545 538 1691 591 gestae

125 597 317 650 obstare,
356 598 399 637 et
436 595 482 636 in
520 594 710 636 ducendo
751 594 864 635 bello
905 595 990 646 [ac]
1032 594 1179 636 sedulo
1212 597 1383 648 tempus
1415 597 1570 649 terere,
1608 609 1691 649 quo

124 655 284 696 diutius
329 655 374 695 in
418 654 676 709 magistratu
722 654 778 695 sit
818 653 1017 707 solusque
1057 656 1099 695 et
1135 653 1299 695 Romae
1338 656 1381 694 et
1421 654 1466 694 in
1505 654 1692 695 exercitu

126 713 353 768 imperium
386 713 563 755 habeat:
603 713 762 767 quippe
794 713 1023 754 consulum
1057 713 1239 754 alterum
1276 713 1322 753 in
1356 712 1445 754 acie
1478 712 1693 767 cecidisse,

125 773 306 814 alterum
345 773 485 826 specie
526 772 674 813 classis
713 771 899 813 Punicae
937 771 1258 826 persequendae
1296 771 1446 825 procul
1479 772 1532 812 ab
1565 771 1694 812 Italia

126 832 392 886 ablegatum3
438 831 544 872 duos
589 833 811 885 praetores
851 829 999 872 Sicilia
1043 834 1170 885 atque
1210 829 1411 872 Sardinia
1449 833 1694 884 occupatos,

124 905 308 946 quarum
338 892 490 931 neutra
516 890 598 932 hoc
624 893 817 944 tempore
847 889 1105 944 [provincia]
1133 892 1332 944 praetore
1360 892 1503 946 egeat3
1535 889 1592 930 M.
1613 889 1693 930 Mi-

124 949 301 991 nucium
334 949 593 1003 magistrum
628 950 838 1004 equitum,
881 963 933 989 ne
975 948 1146 991 hostem
1190 949 1372 1002 videret,
1416 963 1470 990 ne
1504 948 1605 1003 quid
1631 948 1694 989 rei

125 1008 306 1050 bellicae
329 1010 508 1063 gereret,
534 1022 666 1063 prope
693 1008 739 1049 in
765 1008 960 1050 custodia
984 1008 1196 1050 habitum.
1233 1008 1380 1063 itaque
1406 1007 1579 1049 hercule
1606 1021 1696 1048 non

126 1067 349 1110 Samnium
374 1067 520 1120 modo,
553 1082 636 1121 quo
664 1067 752 1108 iam
777 1071 1001 1121 tamquam
1026 1069 1146 1108 trans
1173 1066 1383 1108 Hiberum
1411 1081 1515 1122 agro
1537 1066 1695 1108 Poenis
1749 1083 1751 1085 ’

127 1140 376 1168 concessum
403 1126 475 1179 sit,
502 1126 574 1167 sed
603 1124 870 1180 Campanum
897 1124 1191 1180 Calenumque
1218 1128 1261 1167 et
1287 1125 1515 1167 Falernum
1543 1139 1695 1180 agrum

126 1187 398 1240 pervastatos
425 1199 534 1238 esse,
568 1185 743 1226 sedente
765 1183 946 1226 Casilini
974 1184 1180 1226 dictatore
1208 1187 1250 1225 et
1275 1185 1518 1239 legionibus
1546 1184 1696 1238 populi

126 1244 312 1286 Romani
351 1258 503 1299 agrum
545 1259 667 1285 suum
706 1246 886 1285 tutante.
951 1244 1184 1285 exercitum
1228 1244 1470 1298 cupientem
1502 1256 1696 1298 pugnare

129 1306 172 1344 et
209 1303 465 1357 magistrum
511 1302 702 1357 equitum
748 1303 914 1344 clausos
957 1317 1091 1356 prope
1129 1303 1246 1344 intra
1291 1303 1450 1344 vallum
1494 1305 1698 1356 retentos,

126 1364 349 1416 tamquam
375 1361 572 1403 hostibus
600 1361 781 1416 captivis
810 1377 929 1403 arma
957 1361 1170 1415 adempta.
1226 1362 1420 1416 tandem,
1451 1363 1499 1402 ut
1526 1362 1696 1403 absces-

130 1421 233 1463 serit
264 1420 361 1462 inde
394 1420 597 1475 dictator,
629 1423 677 1462 ut
704 1420 928 1462 obsidione
961 1420 1188 1475 liberatos,
1222 1423 1341 1462 extra
1368 1421 1528 1462 vallum
1556 1434 1697 1475 egres-

129 1494 199 1522 sos
230 1480 392 1521 fudisse
426 1495 474 1522 ac
500 1480 674 1535 fugasse
699 1479 850 1521 hostis.
902 1494 1006 1534 quas
1034 1480 1088 1521 ob
1114 1494 1202 1534 res,
1235 1480 1271 1521 si
1298 1480 1499 1534 antiquus
1527 1480 1697 1520 animus

128 1539 268 1593 plebei
307 1538 529 1580 Romanae
569 1542 698 1593 esset,
741 1539 960 1580 audaciter
1001 1554 1044 1580 se
1083 1539 1272 1580 laturum
1310 1539 1443 1580 fuisse
1479 1538 1614 1591 [dein]
1648 1538 1699 1579 de

130 1598 382 1653 abrogando
423 1597 471 1647 Q.
503 1597 610 1639 Fabi
648 1598 849 1652 imperi03
893 1612 1006 1639 nunc
1045 1598 1257 1640 modicam
1295 1598 1565 1653 rogationem
1604 1611 1700 1651 pro-

130 1657 422 1712 mulgaturum
455 1657 506 1698 de
539 1656 760 1711 aequando
793 1657 994 1712 magistri
1027 1657 1220 1711 equitum
1254 1659 1295 1698 et
1335 1657 1556 1698 dictatoris
1596 1656 1701 1697 iure.

179 1784 240 1825 25,
268 1788 370 1819 1—3.
405 1786 586 1827 contione,
613 1785 678 1819 der
705 1785 880 1829 Singular
955 1788 986 1827 6,
1012 1785 1186 1819 letzterer
1206 1783 1398 1819 Cornelius
1418 1784 1623 1819 Mammula
1643 1789 1700 1827 23,

134 1831 198 1866 der
224 1830 444 1874 Symmetrie
470 1831 541 1866 mit
567 1834 697 1866 senatu
723 1832 878 1866 zuliebe.
955 1835 1009 1872 21,
1037 1835 1069 1865 4.

133 1898 176 1904 -
204 1888 268 1913 sec.
303 1879 442 1920 timere,
477 1890 504 1913 c.
533 1882 590 1921 23,
618 1883 648 1913 3.
688 1900 731 1903 —
768 1879 878 1913 Meti-
1003 1881 1105 1913 7—9.
1127 1882 1150 1913 t.
1170 1878 1387 1913 trans.Hib.
1404 1877 1489 1912 weil
1510 1878 1702 1912 Samnium

133 1926 217 1967 lius,
243 1925 318 1970 vgl.
346 1929 403 1969 25,
424 1929 481 1968 22,
502 1930 534 1967 2,
561 1926 657 1960 nach
678 1925 879 1960 Plut.Fab.
954 1936 1028 1959 von
1068 1924 1294 1969 Campanien
1333 1926 1449 1959 durch
1491 1924 1701 1959 natiirliche

136 1976 153 2007 7
183 1971 320 2011 οἰκεῖος
346 1968 397 2006 ὢν
423 1974 648 2007 Μινουκίου.
685 1993 731 1997 -
770 1974 879 2007 enim·
955 1972 1120 2007 Grenzen
1147 1971 1371 2016 geschieden
1397 1972 1457 2014 ist,
1482 1972 1560 2006 Pol.
1587 1976 1620 2015 3,
1642 1976 1697 2014 91,

133 2030 228 2062 vero,
255 2018 470 2054 affektvolle
498 2020 727 2063 Beteurung,
754 2020 881 2065 haufig
955 2021 986 2053 8.
1015 2039 1058 2044 -
1085 2030 1142 2063 ay.
1169 2030 1294 2062 suum,
1333 2019 1393 2054 ein
1424 2030 1496 2054 von
1532 2019 1597 2054 der
1621 2018 1702 2053 Lei-

134 2078 217 2101 zum
249 2066 444 2101 Ausdruck
477 2066 541 2101 des
575 2066 780 2102 Unwillens
813 2067 883 2101 mit
956 2066 1150 2101 denschaft
1187 2066 1474 2111 eingegebener,
1514 2066 1630 2101 durch
1669 2077 1698 2101 c.

135 2113 328 2158 indignum
355 2114 583 2155 verbunden,
611 2119 643 2157 6,
667 2118 721 2156 14,
743 2118 797 2148 12.
826 2118 882 2156 25,
957 2117 1013 2155 23,
1047 2117 1067 2148 8
1099 2113 1336 2158 widerlegter
1370 2112 1523 2148 Zweifel
1554 2125 1601 2148 an
1638 2113 1703 2148 der

135 2164 194 2203 41,
218 2166 247 2203 1,
270 2160 342 2195 Cic.
360 2161 462 2195 Verr.
486 2165 516 2203 1,
539 2164 595 2203 26,
617 2165 673 2204 66,
695 2161 883 2196 entweder
956 2160 1336 2205 Uneigennfitzigkeit
1370 2161 1434 2196 des
1473 2160 1619 2195 Fabius.
1658 2181 1702 2185 —

134 2219 178 2242 zu
215 2207 365 2252 Anfang
401 2208 466 2242 des
506 2208 633 2243 Satzes
666 2209 754 2243 oder
786 2208 882 2242 nach
951 2218 1084 2252 prope,
1122 2208 1169 2242 da
1207 2207 1302 2242 doch
1336 2208 1396 2243 die
1429 2208 1606 2243 stationes
1637 2218 1703 2242 vor

137 2255 307 2290 Pronom.
335 2256 406 2290 wie
432 2255 481 2298 id,
508 2255 582 2297 ille,
610 2258 702 2290 tum.
957 2255 1040 2289 dem
1062 2255 1186 2290 Walle
1211 2265 1346 2299 waren,
1374 2266 1402 2290 c.
1427 2259 1482 2299 12,
1503 2260 1535 2291 9.
1557 2275 1601 2281 —
1622 2255 1702 2290 abs-

186 2306 291 2337 4—6.
317 2303 358 2336 in
383 2303 464 2337 duc.
488 2303 589 2345 bello,
616 2307 672 2345 36,
688 2307 744 2346 34,
761 2307 792 2345 8,
812 2302 881 2337 wie
957 2303 1111 2345 cesserit,
1137 2302 1234 2337 nach
1260 2303 1355 2338 Rom
1382 2314 1411 2337 c.
1442 2306 1497 2346 18,
1525 2306 1563 2345 83
1591 2312 1702 2347 eyres-

139 2349 199 2384 die
215 2349 450 2393 Praposition
470 2361 542 2384 von
556 2349 774 2384 Klassikern
788 2350 883 2385 auch
957 2360 1025 2391 sos,
1053 2349 1147 2384 ohne
1174 2349 1253 2383 dass
1282 2360 1319 2384 es
1346 2350 1475 2384 weiter
1503 2349 1604 2384 einer
1631 2351 1702 2383 An-

136 2396 198 2431 bei
223 2398 370 2440 tempus
393 2407 608 2431 consumere
623 2409 657 2431 u.
673 2401 705 2432 a.
721 2397 883 2432 Redens-
958 2398 1160 2441 strengung
1186 2396 1261 2431 und
1289 2396 1562 2442 strategischen
1582 2396 1701 2430 Kunst

138 2447 243 2478 arten
269 2443 475 2488 gebraucht
501 2442 612 2485 wird;
640 2444 700 2478 bei
720 2443 760 2479 L.
783 2445 885 2479 sonst
958 2443 1108 2478 bedurft
1134 2445 1250 2479 hatte.

139 2490 378 2534 gewohnlich
404 2490 469 2524 der
500 2490 620 2525 blosse
646 2490 811 2526 Ablativ.
841 2511 884 2516 —
1009 2494 1061 2525 10.
1090 2502 1181 2535 quas
1206 2491 1249 2525 ob
1275 2502 1350 2532 res,
1382 2490 1498 2525 wofur
1525 2489 1619 2524 auch
1647 2500 1703 2524 wo

138 2538 299 2572 diutius:
326 2537 416 2572 fiber
443 2537 549 2572 sechs
570 2537 719 2572 Monate
745 2537 885 2572 konnte
959 2548 1031 2571 von
1065 2538 1262 2571 mehreren
1294 2537 1469 2572 Grfinden
1509 2537 1568 2571 die
1602 2536 1703 2571 Rede

139 2584 383 2619 derDictator
404 2585 504 2619 seine
516 2584 763 2629 Amtsgewalt
780 2585 885 2620 nicht
959 2584 1019 2626 ist,
1041 2584 1207 2628 haufiger
1222 2595 1332 2628 quam
1349 2585 1395 2618 ob
1407 2595 1484 2618 rem
1499 2584 1704 2628 gebraucht

139 2631 394 2674 beibehalten,
429 2635 485 2675 23,
513 2635 570 2674 23,
597 2635 635 2674 2,
672 2632 771 2666 wohl
797 2631 887 2666 aber
960 2630 1068 2673 wird3
1106 2630 1178 2665 Cic.
1214 2631 1321 2675 epist.
1359 2635 1412 2673 12,
1449 2634 1503 2673 12,
1530 2635 1568 2672 3;
1608 2632 1704 2665 anti-

139 2678 235 2713 nach
267 2678 510 2723 Beseitigung
542 2679 607 2713 der
639 2678 778 2713 Gefahr
811 2678 886 2713 die·
960 2688 1051 2722 quus
1090 2678 1155 2712 das
1192 2678 1294 2721 Alte,
1330 2678 1409 2712 hier
1448 2688 1531 2712 vom
1571 2677 1703 2712 Stand-

142 2725 242 2760 selbe
268 2725 364 2760 nach
396 2725 567 2771 wenigen
591 2725 716 2770 Tagen
742 2725 886 2760 111θά61·-
961 2724 1102 2768 punkte
1117 2725 1179 2759 des
1190 2724 1353 2759 Redners
1367 2724 1704 2769 gleichbedeutend

142 2772 887 2818 legen.—ablegatum‚abkommandiert‚
961 2771 1030 2805 mit
1062 2771 1143 2806 dem
1179 2772 1316 2813 cutem,
1350 2773 1418 2806 wie
1451 2776 1482 2813 3,
1517 2775 1572 2815 68,
1602 2776 1642 2806 12
1671 2783 1702 2807 a.

142 2830 184 2853 zu
211 2822 267 2862 21,
297 2823 350 2863 10,
380 2824 440 2862 12;
473 2831 537 2854 zur
564 2820 680 2855 Sache
714 2831 742 2854 6.
774 2824 827 2862 11,
855 2824 887 2853 6.
962 2829 1094 2853 mores.
1123 2839 1165 2843 —
1194 2819 1422 2864 abroyando,
1457 2830 1532 2853 was
1560 2822 1703 2863 gesetz-

144 2885 187 2890 —
221 2867 310 2901 duos
344 2877 402 2910 pr.
441 2879 486 2901 zu
522 2878 550 2902 6.
586 2871 617 2909 7,
651 2870 690 2908 83
730 2869 887 2901 ersterer
961 2865 1036 2900 lich
1078 2866 1189 2900 kaurn
1228 2866 1388 2911 zulassig
1427 2875 1520 2908 war,
1559 2866 1607 2901 da
1645 2866 1704 2901 die

145 2922 220 2946 war
244 2911 283 2949 T.
307 2913 499 2957 Otacilius,
527 2925 555 2949 c.
585 2917 638 2957 10,
662 2917 704 2947 10
730 2913 803 2948 und
832 2917 887 2955 31,
962 2912 1074 2946 Wahl
1117 2913 1220 2947 nicht
1264 2913 1511 2958 angefochten
1557 2913 1704 2949 werden

1726 1491 1770 1523 10
