1882 3163
169 147 222 188 18
659 147 804 182 LIBER
828 146 978 182 XXIIII.
1017 147 1119 183 CAP.
1148 151 1177 184 8.
1208 151 1240 182 9.
1513 163 1538 182 a.
1564 164 1592 182 u.
1618 164 1642 183 c.
1668 157 1732 184 540.

167 256 326 310 cilium,
351 270 439 296 non
466 255 573 309 dico,
606 255 642 296 si
668 255 813 296 omnia
837 255 954 309 haec,
983 255 1057 296 sed
1083 255 1118 296 si
1145 255 1307 310 aliquid
1334 269 1481 300 eorum
1506 256 1568 296 rei
1593 256 1735 310 publi-

167 329 240 356 cae
271 314 500 368 praestitit.
557 314 625 355 sin
657 316 801 355 autem
832 316 874 355 te
907 314 1089 355 classem
1123 314 1344 356 obtinente
1375 328 1423 355 ea
1454 314 1584 355 etiam
1614 315 1732 356 velut

166 376 318 427 pacato
358 373 486 427 mari,
525 373 678 426 quibus
716 387 816 427 opus
851 387 934 414 non
971 376 1060 414 erat
1094 372 1332 414 Hannibali
1370 375 1467 414 tuta
1505 375 1634 428 atque
1667 374 1732 415 in-

97 443 140 474 16
166 435 289 487 tegra
316 432 369 473 ab
396 432 522 473 domo
549 435 770 485 venerunt,
800 432 835 473 si
861 447 935 473 ora
954 432 1107 473 Italiae
1132 432 1332 473 infestior
1355 432 1437 474 hoc
1464 445 1576 473 anno
1603 447 1733 486 quam

167 490 341 532 Africae
368 491 460 544 fuit,
488 490 588 545 quid
614 490 752 532 dicere
779 493 914 545 potes,
939 505 1013 532 cur
1031 493 1075 532 te
1100 491 1375 545 potissimum
1401 491 1550 532 ducem
1571 490 1734 532 Hanni-

98 562 139 592 17
167 550 255 592 bali
292 550 409 592 hosti
441 550 739 604 opponamus?
800 551 835 591 si
867 550 1014 592 consul
1047 564 1181 603 esses,
1219 550 1472 591 dictatorem
1506 550 1732 591 dicendum

169 610 362 664 exemplo
404 609 616 650 maiorum
657 611 853 650 nostrum
899 623 1185 662 censeremus,
1228 623 1306 650 nec
1346 611 1393 649 tu
1435 609 1477 650 id
1518 608 1734 663 indignari

167 683 330 722 posses,
358 668 543 722 aliquem
567 669 612 709 in
638 668 811 709 civitate
831 667 1027 709 Romana
1051 668 1410 709 melioremxbello
1434 667 1584 709 haberi
1605 682 1734 723 quam

168 729 223 768 te.
286 728 426 782 magis
458 727 615 768 nullius
648 727 827 768 interest
865 741 992 781 quam
1023 729 1116 780 tua,
1149 726 1196 768 T.
1230 726 1403 780 Otacili,
1440 741 1530 768 non
1566 726 1732 781 imponi

100 798 143 829 18
171 787 404 828 cervicibus
429 786 517 827 tuis
545 801 665 839 onus,
698 786 775 828 sub
803 800 885 841 quo
913 786 1125 827 concidas.
1176 799 1254 840 ego
1288 799 1548 841 magnopere
1577 785 1735 827 suadeo

170 859 341 900 oroque,
380 845 527 887 eodem
562 845 704 886 animo
739 859 840 899 quo,
880 844 916 885 si
948 844 1165 885 stantibus
1196 845 1317 885 vobis
1350 845 1395 885 in
1428 845 1517 886 acie
1556 844 1733 885 armatis

169 907 345 958 repente
379 904 591 959 deligendi
624 904 706 945 duo
740 905 1022 957 imperatores
1055 906 1210 955 essent,
1243 918 1424 958 quorum
1451 904 1580 945 ductu
1607 906 1737 958 atque

102 975 143 1006 19
172 963 362 1017 auspicio
396 963 670 1016 dimicaretis,
701 963 829 1004 hodie
862 976 1029 1017 quoque
1062 962 1258 1003 consules
1292 963 1456 1016 creetis,
1491 963 1643 1017 quibus
1670 977 1735 1003 sa·

172 1025 391 1064 eramento
423 1022 548 1063 liberi
579 1022 712 1063 vestri
745 1022 908 1074 dicant,
948 1021 999 1061 ad
1032 1035 1214 1075 quorum
1249 1021 1432 1062 edictum
1470 1022 1737 1075 conveniant,

99 1093 144 1124 20
173 1081 251 1122 sub
286 1095 467 1135 quorum
499 1081 636 1121 tutela
668 1083 796 1135 atque
823 1094 924 1121 cura
955 1080 1154 1121 militent.
1205 1080 1322 1121 lacus
1350 1079 1668 1121 Trasumennus
1695 1083 1737 1121 et

172 1139 345 1181 Cannae
371 1140 514 1181 tristia
540 1139 594 1180 ad
625 1139 964 1181 recordationem
998 1139 1204 1193 exempla,
1238 1139 1309 1180 sed
1339 1139 1392 1179 ad
1424 1139 1736 1192 praecavendas

171 1199 332 1240 similes
359 1199 485 1240 utilia
516 1199 653 1240 clades
686 1198 941 1240 documento
970 1200 1080 1239 sunt.
1133 1212 1302 1251 praeco,
1333 1197 1567 1239 Aniensem
1599 1198 1737 1239 iunio-

118 1259 143 1300 9
172 1273 268 1299 rum
307 1258 354 1298 in
393 1257 645 1312 suffragium
693 1256 881 1299 revoca'.
944 1271 1039 1298 cum
1078 1256 1123 1298 T.
1157 1255 1366 1298 Otacilius
1407 1256 1604 1298 ferociter
1643 1271 1739 1298 eum

174 1317 426 1358 continuare
472 1317 744 1358 consulatum
788 1316 896 1357 velle
940 1316 1248 1358 vociferaretur
1292 1318 1419 1370 atque
1461 1316 1742 1370 obstreperet,

126 1388 145 1419 2
173 1376 344 1417 lictores
378 1376 431 1416 ad
465 1390 560 1416 eum
594 1376 793 1417 accedere
825 1375 972 1416 consul
1005 1375 1131 1416 iussit
1163 1376 1223 1429 et,
1262 1375 1361 1429 quia
1394 1375 1439 1415 in
1470 1375 1619 1416 urbem
1650 1389 1739 1416 non

173 1435 327 1476 inierat
358 1435 554 1489 protinus
581 1435 626 1475 in
652 1449 850 1488 campum
877 1449 926 1475 ex
952 1434 1101 1475 itinere
1133 1434 1363 1488 profectus,
1395 1433 1618 1475 admonuit
1643 1447 1738 1474 cum

125 1505 146 1536 3
176 1494 395 1535 securibus
424 1494 505 1534 sibi
529 1493 668 1534 fasces
694 1493 912 1548 praeferri.
956 1493 1125 1533 interim
1152 1492 1454 1547 praerogativa
1488 1492 1739 1547 suffragium

174 1552 267 1606 init,
300 1553 515 1607 creatique
547 1553 592 1593 in
624 1567 674 1593 ea
706 1553 902 1594 consules
937 1551 983 1600 Q.
1010 1551 1169 1592 Fabius
1202 1551 1414 1592 Maximus
1448 1554 1649 1605 quartum
1680 1550 1737 1592 M.

172 1611 401 1653 Marcellus
434 1611 622 1652 tertium.
673 1611 846 1652 eosdem
879 1611 1074 1652 consules
1108 1613 1272 1651 ceterae
1306 1610 1522 1651 centuriae
1550 1610 1640 1650 sine
1666 1624 1738 1650 va-

222 1743 278 1773 15.
305 1740 338 1773 si
357 1739 500 1783 aliquid
520 1739 656 1784 eorum]
683 1739 763 1773 eine
784 1738 920 1773 Ueber-

172 1786 348 1830 treibung
382 1786 446 1820 des
472 1786 689 1830 Redenden,
723 1786 771 1820 da
798 1785 920 1820 Otaci-

173 1833 244 1867 lius
265 1833 374 1877 (nach
395 1832 455 1876 23,
475 1837 531 1875 41,
553 1835 589 1877 8)
615 1834 686 1868 den
714 1834 835 1867 ersten
856 1833 921 1867 der

173 1880 251 1915 drei
277 1884 296 1922 ἓ
319 1884 362 1914 14
385 1880 649 1925 ausgefi‘ihrten
677 1879 833 1923 Punkte,
861 1880 921 1914 die

172 1927 420 1972 Verwiistung
432 1927 497 1962 der
508 1927 783 1962 afrikanischen
792 1926 920 1970 Kfiste,

174 1974 391 2019 ausgefiihrt
416 1974 492 2009 hat.

223 2026 278 2055 16.
325 2021 508 2066 infestior]
547 2022 616 2064 inf.
657 2021 713 2056 oft
749 2021 786 2055 in
821 2032 919 2065 pass.

177 2068 286 2102 Sinne
317 2068 518 2111 ‘bedroht’3
549 2068 623 2113 vgl.
651 2068 718 2110 26,
744 2072 800 2110 46,
829 2072 846 2101 1
880 2071 920 2101 ut

177 2115 293 2149 latera
317 2116 509 2157 infestiora
541 2116 780 2149 subeuntibus
812 2126 920 2159 quam

179 2162 332 2196 adversa
357 2172 510 2205 corpora
535 2165 657 2198 essent.

224 2213 280 2244 17.
306 2208 483 2253 nostrum]
501 2225 543 2237 =
558 2213 775 2250 nostrorum,
790 2220 816 2242 s.
829 2212 848 2249 ξ
865 2212 918 2242 10.

223 2255 436 2300 cervicibus]
463 2256 514 2289 im
535 2255 786 2299 eigentlichen
808 2255 919 2289 Sinne

175 2303 242 2336 hat
267 2303 308 2336 L.
335 2302 408 2336 fast
431 2303 522 2336 stets
549 2303 669 2336 cervix
694 2303 842 2346 gesagt;
870 2302 920 2335 ini

175 2350 446 2394 {iberti-agenen
474 2349 584 2383 Sinne
610 2349 742 2383 immer
774 2349 922 2382 eervices

178 2396 319 2440 (Cicero
363 2396 568 2431 behandelt
611 2396 676 2430 das
715 2394 824 2430 Wort
867 2395 921 2429 als

176 2444 499 2487 Pluraletantum).

225 2495 279 2525 18.
319 2490 402 2535 quo]
433 2490 518 2524 ‘als'
547 2490 642 2525 nach
667 2490 760 2524 idem
790 2489 923 2523 drsickt

177 2538 272 2572 auch
298 2538 376 2572 Liv,
411 2537 598 2572 entweder
623 2537 739 2571 durch
765 2547 808 2571 ac
834 2536 922 2570 oder

178 2585 293 2619 durch
319 2585 386 2619 das
412 2584 767 2628 Relativpronomen
796 2594 872 2618 aus,

228 2636 280 2666 19.
307 2635 530 2666 sacramento
556 2632 687 2676 dicere]
719 2631 805 2665 ‘den
825 2631 922 2664 Fah-

177 2679 312 2714 neneid
351 2678 570 2713 schw6ren':
609 2689 648 2712 so
683 2679 815 2712 immer
849 2677 922 2721 (25,

179 2730 210 2769 5,
227 2728 279 2769 8);
314 2725 379 2759 der
404 2725 487 2759 Abl.
520 2725 569 2760 ist
595 2738 638 2759 zu
665 2725 837 2759 erklaren
869 2724 924 2758 als

181 2772 291 2806 ‘nach
315 2773 379 2806 der
407 2772 705 2806 Schwurformel'
734 2771 922 2816 sprechen.

227 2823 282 2853 20.
310 2821 519 2854 documento
541 2819 643 2864 sunt]
670 2819 755 2852 dem
776 2819 923 2852 Zusam-

179 2866 386 2909 menhange
407 2866 502 2900 nach
515 2883 558 2894 =
577 2866 724 2899 ‘dienen
742 2877 804 2899 zur
819 2865 923 2899 War—

179 2912 308 2955 nung',
335 2913 541 2947 deutlicher
565 2912 657 2946 wird
684 2913 761 2946 dies
786 2911 844 2955 25,
867 2915 922 2955 33,

995 1742 1014 1773 6
1036 1737 1151 1772 durch
1172 1738 1278 1772 einen
1296 1748 1342 1771 an
1356 1749 1434 1771 uns.
1452 1737 1502 1772 St.
1525 1748 1654 1781 wegen
1675 1737 1741 1771 der

993 1785 1249 1820 rhetorischen
1257 1785 1443 1829 Emphase
1455 1784 1739 1829 ausgelassenen

995 1833 1080 1867 Satz
1106 1832 1177 1867 mit
1197 1843 1242 1866 ne
1267 1831 1533 1876 ausgedrfickt:
1560 1832 1739 1875 exempla—

994 1890 1060 1923 que
1078 1880 1163 1914 haec
1182 1890 1260 1913 vere
1281 1890 1351 1923 pro
1374 1880 1582 1913 documento
1607 1879 1740 1912 haben-

994 1927 1059 1970 da,
1086 1937 1130 1961 ne
1149 1927 1306 1961 eaeterm‘s
1326 1927 1380 1960 ita
1400 1926 1549 1960 credant
1574 1926 1740 1960 auxiliis.

1041 1985 1080 2020 9.
1120 1988 1150 2019 2.
1184 1986 1225 2019 in
1250 1984 1387 2029 urbem]
1416 1985 1520 2019 sonst
1546 1982 1742 2018 verbindet

993 2032 1032 2066 L.
1060 2033 1156 2066 inire
1180 2032 1251 2066 mit
1277 2032 1435 2066 blossem
1461 2033 1546 2066 Acc.

1041 2091 1129 2135 quia
1154 2110 1199 2115 ——
1221 2091 1422 2136 profectus]
1449 2090 1497 2124 ist
1525 2090 1583 2124 ein
1607 2089 1738 2123 Zusatz

994 2138 1056 2172 des
1097 2137 1380 2172 Schriftstellers
1422 2149 1486 2171 zur
1529 2136 1741 2179 Erklarung

993 2185 1058 2218 des
1098 2195 1178 2218 cum
1215 2185 1418 2225 securibuffi·
1458 2184 1564 2218 hatte
1602 2181 1739 2216 Fabius

993 2231 1064 2265 den
1080 2231 1283 2265 Gedanken
1297 2231 1412 2265 selbst
1428 2229 1739 2274 ausgesprochen,

995 2289 1033 2312 so
1060 2279 1199 2311 mu'sste
1227 2278 1291 2312 der
1318 2277 1538 2322 Conjunctiv
1565 2277 1706 2310 stehen.

1042 2340 1074 2371 3.
1115 2336 1317 2370 Marcellus
1343 2336 1502 2381 tertium]
1535 2336 1587 2369 im
1617 2336 1740 2370 ersten

996 2383 1174 2417 Consulat
1211 2384 1310 2427 (222)
1351 2383 1539 2417 zeichnete
1579 2393 1617 2417 er
1661 2381 1740 2416 sich

995 2431 1078 2464 sehr
1098 2441 1174 2471 aus,
1198 2431 1324 2465 indem
1344 2441 1383 2464 er
1403 2430 1462 2464 die
1482 2430 1600 2473 spolia
1620 2429 1741 2473 opima

993 2489 1079 2512 vom
1093 2476 1348 2522 Gallierkonig
1356 2477 1610 2511 Viridomarus
1625 2475 1740 2510 heim-

995 2525 1159 2559 brachte.
1197 2524 1271 2559 Das
1291 2524 1422 2558 zweite
1443 2523 1619 2558 Consulat
1639 2524 1738 2566 (215)

994 2573 1135 2606 niusste
1165 2582 1203 2605 er
1235 2583 1364 2616 wege-n
1396 2570 1636 2615 ungiinstiger
1662 2568 1739 2603 Zei-

997 2619 1090 2652 chen
1116 2618 1353 2663 niederlegen
1373 2618 1447 2652 und
1468 2617 1521 2652 als
1539 2615 1741 2651 Proconsul

995 2666 1051 2699 ins
1078 2665 1168 2699 Feld
1195 2666 1334 2700 ziehen.

1042 2724 1216 2769 variatio]
1247 2722 1552 2767 ‘Schwankung’,
1579 2718 1642 2756 ἅπ.
1672 2720 1738 2764 εἰρ.

995 2783 1081 2806 vom
1112 2769 1373 2806 intransitiven
1398 2769 1561 2804 Verbum
1595 2769 1741 2802 variare

999 2817 1264 2859 ‘schwanken’3
1297 2817 1370 2860 vgl.
1400 2816 1439 2859 1,
1465 2820 1527 2858 43,
1557 2819 1597 2849 11
1631 2815 1684 2859 ibi
1708 2815 1741 2849 si

996 2866 1167 2909 variaret,
1193 2864 1288 2908 quod
1306 2873 1392 2897 ‘raro
1412 2863 1604 2904 incidebat,
1628 2860 1739 2896 uffse-

997 2912 1136 2947 eundae
1155 2911 1280 2946 classis
1299 2913 1522 2944 vocarentur.
1550 2908 1610 2952 27,
1625 2912 1680 2953 27,
1698 2911 1741 2942 14
