1882 3163
175 104 232 145 24
661 103 806 138 LIBER
829 103 941 138 XXV.
983 103 1081 137 CAP.
1112 107 1164 138 10.
1195 108 1248 140 11.

1536 122 1561 140 a.
1581 123 1608 140 u.
1629 122 1653 141 c.
1673 116 1743 142 54⁶2.

178 201 305 255 diripi
348 201 573 242 iussurum.
637 201 672 242 si
710 200 804 254 quis
842 200 888 240 in
919 200 1107 255 hospitio
1148 201 1249 242 civis
1282 201 1467 242 Romani
1502 225 1552 231 —-
1587 217 1743 244 vacuas

179 262 322 302 autem
359 259 568 300 tenebant
609 259 759 301 domos
800 283 854 289 ——-
896 274 1055 301 nomen
1095 259 1404 314 inscripsisset,
1448 274 1544 301 eum
1586 275 1629 302 se
1665 275 1743 315 pro

107 331 150 362 10
177 319 299 360 hoste
330 318 592 359 habiturum.
655 318 852 360 contione
892 318 1068 359 dimissa
1106 333 1202 360 cum
1240 318 1378 359 titulis
1416 321 1592 360 notatae
1629 319 1744 361 fores

179 377 407 418 discrimen
438 379 618 431 pacatae
651 378 704 418 ab
735 376 886 419 hostili
918 377 1044 418 domo
1075 376 1290 432 fecissent,
1322 377 1445 432 signo
1477 377 1577 419 dato
1605 378 1657 419 ad
1684 378 1744 419 di-

177 436 375 490 ripienda
405 435 596 490 hospitia
621 435 818 478 Romana
848 436 1009 490 passim
1042 436 1279 477 discursum
1312 439 1386 478 est.
1437 439 1479 477 et
1510 436 1593 477 fuit
1622 451 1743 491 prae-

179 495 257 536 dae
290 495 567 549 aliquantum.

110 556 160 596 11
294 553 472 595 Postero
506 554 573 595 die
606 554 659 595 ad
692 553 1029 608 oppugnandam
1062 568 1201 594 arcem
1234 553 1366 607 ducit,
1410 567 1539 607 quam
1571 568 1669 595 cum
1702 556 1746 595 et

177 627 205 654 a
236 613 363 665 mari,
396 627 479 667 quo
512 614 556 654 in
589 613 892 667 paeneinsulae
924 612 1099 653 modum
1130 627 1229 666 pars
1271 613 1410 654 maior
1442 612 1745 668 circumluitur,

179 672 383 726 praealtis
417 673 595 726 rupibus
628 674 670 713 et
702 672 754 713 ab
786 672 880 725 ipsa
911 671 1016 712 urbe
1049 685 1170 712 muro
1204 674 1246 711 et
1277 671 1396 712 fossa
1426 671 1595 726 ingenti
1623 686 1744 725 saep-

133 743 151 773 2
177 733 267 772 tam
298 731 473 785 videret,
505 745 638 785 eoque
670 745 748 772 nec
780 731 821 771 vi
852 744 930 771 nec
962 730 1161 783 operibus
1189 730 1520 785 expugnabilem
1553 744 1657 785 esse,
1689 745 1745 771 ne

180 792 254 831 aut
286 804 331 831 se
362 790 504 844 ipsum
537 804 638 831 cura
670 789 817 830 tuendi
844 788 1101 830 Tarentinos
1136 804 1160 829 a
1185 789 1422 830 maioribus
1454 789 1581 830 rebus
1608 804 1747 830 mora-

178 851 306 903 retur,
339 851 412 890 aut
442 849 488 889 in
518 849 693 890 relictos
721 848 812 889 sine
838 847 981 888 valido
1008 847 1220 901 praesidio
1253 847 1510 889 Tarentinos
1537 848 1747 902 impetum

179 921 229 949 ex
261 921 373 961 arce,
411 922 507 949 cum
544 908 720 960 vellent,
758 906 941 947 Romani
982 906 1187 960 facerent,
1226 907 1338 948 vallo
1376 907 1526 947 urbem
1564 907 1617 948 ab
1651 921 1748 948 arce

132 978 152 1010 3
179 967 457 1020 intersaepire
491 966 656 1020 statuit,
686 980 774 1006 non
801 965 891 1006 sine
916 965 992 1006 illa
1024 964 1154 1005 etiam
1188 979 1262 1018 spe
1294 979 1389 1006 cum
1418 965 1746 1019 prohibentibus

181 1040 288 1079 opus
320 1025 526 1066 Romanis
559 1039 733 1066 manum
766 1038 891 1078 posse
924 1023 1092 1066 conseri
1124 1026 1182 1077 et,
1223 1024 1260 1065 si
1298 1024 1482 1065 ferocius
1521 1038 1748 1078 procucur-

182 1085 353 1137 rissent,
385 1097 546 1138 magna
577 1084 704 1125 caede
736 1084 798 1124 ita
825 1083 1039 1124 attenuari
1065 1082 1267 1136 praesidii
1294 1082 1416 1135 vires,
1446 1085 1496 1124 ut
1519 1083 1647 1124 facile
1673 1097 1750 1136 per

134 1155 154 1185 4
182 1157 226 1184 se
264 1143 348 1197 ipsi
386 1142 607 1184 Tarentini
651 1142 797 1183 urbem
841 1142 895 1183 ab
936 1142 989 1182 iis
1026 1141 1137 1182 tueri
1177 1143 1364 1195 possent.
1434 1141 1509 1182 ubi
1549 1144 1748 1196 coeptum

183 1216 291 1255 opus
324 1204 408 1256 est,
440 1202 656 1255 patefacta
687 1203 860 1255 repente
893 1203 1019 1254 porta
1049 1200 1257 1254 impetum
1289 1200 1332 1241 in
1375 1200 1607 1242 munientis
1639 1200 1747 1241 fece-

181 1262 284 1302 runt
314 1259 511 1315 Romani,
542 1260 729 1315 pellique
761 1275 804 1301 se
832 1260 962 1301 statio
989 1273 1115 1313 passa
1142 1262 1216 1313 est,
1250 1274 1357 1313 quae
1383 1274 1461 1313 pro
1488 1273 1615 1313 opere
1641 1262 1749 1310 erat,

182 1322 230 1360 ut
263 1334 462 1361 successu
489 1322 699 1361 cresceret
725 1319 914 1369 audacia,
946 1319 1175 1373 pluresque
1209 1321 1250 1359 et
1281 1319 1452 1373 longius
1476 1318 1624 1372 pulsos
1650 1332 1750 1372 pro-

136 1391 155 1421 5
184 1381 472 1432 sequerentur.
528 1381 620 1420 tum
654 1378 777 1433 signo
810 1378 910 1420 dato
944 1377 1081 1419 coorti
1112 1377 1300 1432 undique
1331 1377 1465 1418 Poeni
1497 1380 1608 1431 sunt,
1641 1391 1749 1432 quos

183 1438 417 1479 instructos
451 1438 503 1479 ad
535 1438 617 1480 hoc
648 1437 871 1478 Hannibal
902 1438 1110 1477 tenuerat.
1160 1450 1238 1477 nec
1271 1436 1511 1477 sustinuere
1543 1436 1751 1490 impetum

183 1495 379 1551 Romani,
411 1497 484 1538 sed
517 1497 570 1538 ab
605 1496 739 1538 effusa
764 1496 868 1551 fuga
892 1495 975 1537 loci
1002 1495 1226 1550 angustiae
1253 1509 1324 1537 eos
1350 1495 1639 1550 impeditaque
1666 1495 1752 1536 alia

139 1568 158 1598 6
186 1569 312 1608 opere
353 1557 440 1596 iam
476 1558 640 1609 coepto,
674 1555 757 1596 alia
799 1557 1007 1609 apparatu
1043 1554 1182 1608 operis
1218 1554 1510 1595 morabantur.
1576 1553 1752 1608 plurimi

184 1614 230 1654 in
267 1613 430 1655 fossam
467 1615 820 1668 praecipitavere,
860 1613 1072 1667 occisique
1106 1615 1206 1653 sunt
1237 1613 1380 1667 plures
1412 1613 1456 1653 in
1486 1613 1592 1667 fuga
1623 1627 1750 1667 quam

187 1775 319 1810 schrift
345 1776 540 1810 versehen’
572 1794 615 1806 =
646 1777 763 1811 titulis
787 1780 933 1811 notatae

188 1824 221 1866 (ἓ
256 1826 329 1868 10),
369 1823 438 1858 wie
477 1834 564 1857 man
602 1824 688 1867 sagt
727 1824 833 1866 liber,
872 1824 936 1867 qni

193 1871 445 1906 Oeconomicus
471 1872 685 1906 inscribitur
717 1870 933 1915 (‘betitelt⁷)

189 1930 222 1952 u.
251 1929 281 1952 a.

196 1969 198 1971 '
236 1967 277 1999 in
301 1965 472 2010 hospitio]
502 1965 637 1999 vorher
661 1965 712 1998 ist
737 1964 803 1999 der
821 1964 935 1998 Dativ

191 2012 253 2046 bei
277 2023 406 2046 nomen
431 2013 625 2047 inscribere
651 2012 803 2055 gesetzt.

237 2059 386 2104 vacrms]
416 2058 718 2100 ‘leerstehende’,
746 2058 778 2092 (1.
800 2059 834 2092 h.
863 2069 936 2092 von

191 2105 435 2139 Tarentinern
478 2106 727 2140 unbewohnte
780 2105 935 2148 Hauser,

189 2151 266 2196 vgl.
293 2152 352 2195 24,
382 2156 412 2194 7,
439 2156 459 2186 2
494 2154 625 2187 liberas
656 2153 756 2187 aedis
780 2163 934 2196 surrepse-

190 2204 289 2234 runt.

241 2250 295 2280 10.
316 2250 473 2290 pacatae
499 2247 544 2281 ab
570 2247 694 2280 hostili
718 2246 836 2289 domo]
869 2245 934 2279 das

192 2292 279 2337 Adj.
306 2292 408 2326 steht
432 2292 491 2326 fiir
517 2293 588 2327 den
609 2292 698 2327 Gen.
727 2292 791 2326 (les
813 2291 935 2326 Subst.

195 2340 283 2384 (vgl.
305 2351 347 2373 zu
369 2344 424 2383 18,
446 2342 498 2384 5),
520 2339 585 2374 der
605 2350 720 2384 ganze
740 2338 937 2372 Ausdruck

194 2387 245 2421 ist
270 2404 315 2416 =
342 2387 473 2421 Civium
505 2388 550 2422 ab
581 2388 735 2422 hostimn
761 2387 934 2421 domibus.

242 2434 302 2475 11,
324 2438 354 2468 1.
381 2434 497 2479 ducit]
520 2434 679 2476 absolut,
704 2433 751 2467 da
771 2432 850 2466 sich
871 2432 937 2466 das

195 2480 330 2525 object
360 2480 477 2515 leicht
512 2482 680 2526 erganzt,
716 2480 791 2514 und
824 2479 939 2513 daher

195 2527 411 2562 intransitiv
436 2539 478 2561 zu
504 2528 723 2562 fibersetzen
752 2526 852 2571 (sehr
877 2537 938 2571 ge-

196 2574 383 2609 wohnlich
408 2575 469 2609 bei
496 2574 587 2618 Liv„
614 2587 642 2610 z.
669 2575 708 2608 B.
738 2578 769 2617 9,
800 2576 866 2618 11).

238 2623 514 2668 paeneinsulae]
543 2623 636 2656 eben
664 2633 704 2656 so
730 2625 749 2663 ἓ
778 2625 838 2663 11;
878 2632 938 2665 ge-

197 2668 425 2703 wohnlicher
445 2671 677 2713 paeninsula.

245 2720 275 2749 3.
310 2717 603 2762 prohibentibus]
634 2717 755 2750 ‘wenn
783 2715 835 2749 sie
862 2725 940 2749 ver-

199 2761 337 2795 suchcn
376 2762 513 2797 sollten
534 2792 540 2797 .
564 2764 606 2805 .';
645 2763 684 2796 in
722 2762 806 2796 dem
842 2761 940 2796 Part.

198 2807 293 2851 liegt
319 2809 384 2843 der
409 2815 575 2852 conatus,
602 2809 672 2843 wie
698 2809 750 2843 im
776 2808 882 2853 Impf.

247 2857 446 2901 attenuari]
482 2857 625 2890 starker
657 2856 706 2890 ist
739 2856 804 2889 das
838 2855 941 2890 Com-

1007 1775 1172 1820 positum
1198 1776 1400 1816 ea'tenuari,
1426 1774 1496 1808 wie
1519 1774 1578 1816 22,
1600 1778 1632 1817 8,
1652 1779 1674 1808 4
1699 1776 1751 1809 vi-

1007 1824 1110 1857 ribus
1134 1823 1337 1857 extenuatis
1381 1821 1432 1855 Zu
1453 1821 1593 1855 diesem
1612 1821 1679 1856 Inf.
1701 1821 1753 1856 ist

1007 1880 1072 1903 aus
1094 1869 1179 1903 dem
1191 1868 1533 1913 Vorhergehenden
1546 1879 1651 1913 posse
1670 1868 1751 1902 hin-

1007 1916 1254 1950 zuzudenken.

1056 1969 1086 1997 4.
1111 1975 1182 2008 pro
1208 1963 1325 2008 opere]
1347 1974 1418 2007 pro
1438 1962 1615 1996 zunachst
1633 1965 1752 1996 raum-

1008 2010 1096 2053 lich,
1123 2010 1192 2044 wie
1222 2015 1280 2052 18,
1308 2014 1328 2043 5
1355 2011 1542 2053 stationes,
1572 2021 1663 2054 quae
1681 2021 1753 2054 pro

1003 2063 1114 2102 porta
1139 2058 1302 2099 stabant,
1339 2056 1437 2090 dann
1465 2057 1562 2090 ‘zum
1589 2056 1752 2098 Schutz’,

1008 2104 1079 2138 wie
1111 2105 1176 2147 24,
1206 2108 1265 2146 11,
1293 2107 1312 2138 5
1346 2104 1541 2147 (roais-ibus)
1573 2115 1663 2148 quae
1682 2115 1753 2148 pro

1011 2151 1203 2186 Calabriae
1235 2152 1402 2186 litoribus
1433 2152 1474 2185 in
1511 2152 1664 2185 statione
1701 2161 1751 2185 es-

1009 2203 1094 2233 sent.

1051 2248 1352 2289 prosequeremm·
1360 2244 1373 2289 ]

1011 2291 1139 2333 Sinne,
1173 2291 1233 2324 bei
1260 2290 1338 2325 Liv.
1367 2291 1502 2332 selten,
1532 2290 1593 2324 bei
1621 2289 1756 2324 Caesar

1011 2338 1095 2372 sehr
1127 2337 1364 2382 gewohnlich
1396 2337 1472 2370 und
1504 2348 1599 2371 zwar
1630 2337 1752 2381 meist,

1010 2385 1079 2419 wie
1111 2384 1210 2428 hier,
1243 2384 1313 2418 mit
1345 2385 1487 2430 longius
1521 2384 1753 2428 verbunden;

1010 2432 1085 2476 vgl.
1112 2444 1155 2466 zu
1183 2436 1237 2476 10,
1266 2436 1296 2466 7.

1059 2484 1090 2514 5.
1118 2480 1222 2514 alia.
1246 2507 1253 2514 .
1274 2479 1366 2524 alia]
1400 2490 1426 2513 s.
1461 2489 1504 2511 zu
1532 2482 1591 2520 13,
1621 2482 1674 2512 14.
1710 2499 1754 2502 -

1012 2527 1187 2571 impedita
1214 2525 1295 2559 ‘der
1320 2525 1504 2559 Umstand
1529 2524 1614 2558 dass
1636 2552 1642 2558 .
1665 2525 1688 2557 .’

1061 2579 1091 2608 6.
1130 2575 1171 2608 in
1200 2574 1335 2616 fossam
1363 2572 1665 2617 praecipitavere]
1692 2583 1754 2616 pr.

1013 2619 1239 2663 intransitiv,
1259 2619 1329 2653 wie
1345 2620 1590 2664 praecipitare
1609 2619 1651 2653 in
1664 2619 1753 2652 insi-

1013 2669 1095 2702 dias
1119 2667 1166 2711 (2,
1189 2671 1244 2709 51,
1265 2668 1311 2711 5),
1337 2666 1498 2700 welches
1518 2664 1596 2699 Liv.
1624 2664 1664 2698 in
1690 2664 1756 2698 der

1015 2715 1138 2749 ersten
1152 2713 1304 2747 Dekade
1320 2712 1417 2747 &fter
1430 2711 1651 2757 gebraucht3
1673 2714 1756 2756 sp'a-

1014 2763 1071 2795 ter
1109 2762 1194 2805 sagt
1231 2771 1270 2794 er
1307 2759 1414 2793 daffir
1443 2758 1582 2793 media]
1614 2760 1655 2793 in
1686 2760 1755 2793 ins.

1009 2808 1267 2853 praecipitari,
1292 2806 1362 2840 wie
1384 2806 1443 2848 21,
1465 2809 1520 2848 25,
1542 2810 1573 2840 9.
1601 2805 1660 2849 22,
1681 2809 1713 2848 6,
1735 2808 1755 2838 5

1015 2855 1090 2888 und
1117 2855 1236 2896 sonst;
1263 2854 1337 2898 vgl.
1365 2864 1407 2886 zu
1436 2857 1489 2895 16,
1518 2856 1570 2887 15.

1425 2243 1476 2277 im
1525 2242 1754 2278 feindlichen
