1882 3163
174 127 228 168 68
658 125 804 160 LIBER
828 125 959 160 xxm.
1010 125 1111 164 CAP.
1138 130 1193 161 32.
1221 130 1277 162 33.
1575 142 1602 162 a.
1623 143 1652 162 u.
1671 137 1735 163 539.

116 246 158 277 15
173 235 333 290 primas
352 235 398 275 in
418 234 545 275 urbes
567 233 753 275 munitas
781 233 1085 284 conveherent3
1113 234 1185 289 qui
1204 248 1292 276 non
1310 233 1554 287 invexisset,
1579 235 1669 276 eius
1691 249 1735 277 se

175 307 325 349 agrum
352 293 669 347 populaturum,
702 307 848 334 servos
876 293 953 334 sub
978 293 1105 335 hasta
1129 293 1414 346 venditurum,
1445 292 1569 334 villas
1594 293 1736 335 incen-

175 367 331 394 surum.
379 366 433 393 ne
472 352 744 406 praetoribus
796 351 984 406 quidem,
1028 352 1102 407 qui
1146 352 1198 392 ad
1236 352 1301 393 ius
1341 350 1564 392 dicendum
1605 353 1737 394 creati

117 424 159 454 16
175 414 308 464 erant,
340 411 507 452 vacatio
540 426 565 452 a
596 411 698 451 belli
724 411 1097 453 administratione
1124 411 1225 452 data
1251 412 1327 452 est.
1370 409 1593 452 Valerium
1618 425 1736 465 prae-

171 473 311 511 torem
336 470 382 511 in
407 470 612 524 Apuliam
636 470 698 510 ire
723 469 886 524 placuit
912 470 965 512 ad
992 470 1223 512 exercitum
1249 484 1273 510 a
1300 469 1499 511 Terentio
1527 469 1736 524 accipien-

173 529 292 584 dum,
326 543 421 570 cum
455 543 505 569 ex
538 527 682 570 Sicilia
713 529 904 584 legiones
935 529 1167 583 venissent,
1198 529 1249 569 iis
1281 528 1556 583 potissimum
1587 529 1651 570 uti
1683 529 1736 570 ad

174 588 362 643 regionis
390 588 480 629 eius
501 587 773 642 praesidium,
799 587 1106 630 Terentianum
1131 589 1349 629 exercitum
1371 588 1597 629 Tarentum
1622 588 1737 629 mitti

117 656 158 686 17
175 661 270 688 cum
304 647 446 701 aliquo
480 646 731 701 legatorum.
781 649 824 688 et
855 647 1011 702 viginti
1044 647 1228 702 quinque
1254 661 1386 688 naves
1414 647 1550 699 datae,
1583 647 1736 702 quibus

174 720 294 747 oram
325 706 587 747 maritimam
618 706 730 746 inter
754 704 1033 747 Brundisium
1066 721 1114 747 ac
1141 706 1376 747 Tarentum
1407 706 1544 747 tutari
1575 708 1736 760 posset.

116 774 158 805 18
174 779 253 818 par
289 765 463 806 navium
507 779 708 806 numerus
748 763 795 813 Q.
827 764 979 805 Fulvio
1018 765 1207 819 praetori
1243 765 1407 806 urbano
1447 765 1640 806 decretus
1681 765 1734 806 ad

117 833 158 864 19
176 823 423 865 suburbana
467 824 597 865 litora
640 823 835 865 tutanda.
892 821 936 864 C.
977 823 1178 865 Terentio
1224 824 1470 878 proconsuli
1514 823 1736 877 negotium

175 883 333 935 datum,
359 886 408 924 ut
433 883 478 923 in
497 882 655 923 Piceno
683 895 786 936 agro
814 882 1173 936 conquisitionem
1198 882 1384 923 militum
1410 882 1589 923 haberet
1613 882 1737 924 locis-

115 951 160 982 20
176 956 255 996 que
299 941 367 983 his
411 941 626 995 praesidio
671 943 794 982 esset.
852 943 893 982 et
935 940 981 982 T.
1019 940 1227 982 Otacilius
1268 939 1463 995 Crassus,
1506 943 1736 995 postquam

175 1000 323 1042 aedem
355 1000 513 1041 Mentis
546 1000 590 1041 in
617 998 831 1054 Capitolio
864 999 1083 1052 dedicavit,
1115 1000 1160 1040 in
1194 998 1385 1040 Siciliam
1418 1014 1514 1040 cum
1544 1000 1736 1054 imperio,

175 1060 247 1113 qui
279 1058 408 1100 classi
438 1062 668 1112 praeesset,
700 1059 870 1100 missus.

103 1117 159 1158 33
292 1117 344 1158 In
375 1117 487 1159 hanc
521 1117 840 1159 dimicationem
873 1117 1053 1159 duorum
1085 1116 1507 1171 opulentissimorum
1539 1116 1584 1157 in
1610 1117 1736 1157 terris

134 1176 433 1230 2populorum
467 1191 616 1218 omnes
649 1190 772 1231 reges
811 1179 1044 1231 gentesque
1084 1176 1250 1217 animos
1289 1175 1581 1228 intenderant,
1625 1175 1738 1216 inter

174 1250 280 1289 quos
300 1234 538 1290 Philippus,
564 1235 848 1276 Macedonum
874 1249 960 1288 reX,
987 1249 1035 1276 eo
1062 1235 1213 1289 magis,
1240 1234 1355 1289 quod
1380 1234 1558 1288 propior
1584 1234 1736 1275 Italiae

133 1305 153 1335 3
175 1309 223 1336 ac
254 1295 364 1335 mari
394 1297 565 1335 tantum
596 1293 719 1335 Ionio
752 1294 957 1335 discretus
990 1297 1094 1335 erat.
1136 1294 1173 1334 is
1205 1293 1279 1334 ubi
1310 1293 1496 1347 primum
1527 1292 1644 1334 fama
1670 1306 1735 1333 ac-

174 1354 286 1408 cepit
311 1353 604 1394 Hannibalem
631 1353 753 1407 Alpis
780 1355 1112 1408 transgressum,
1145 1354 1193 1393 ut
1219 1352 1331 1393 bello
1358 1352 1470 1393 inter
1495 1351 1739 1392 Romanum

173 1481 349 1516 unklarer
375 1480 580 1515 Ausdruck.
625 1481 666 1514 In
693 1479 777 1514 dem
803 1480 919 1514 Edikt

990 1483 1008 1522 ἕ
1024 1484 1043 1514 2
1065 1479 1256 1514 bestimmt
1277 1478 1438 1513 wurden.
1456 1499 1498 1503 -
1516 1478 1729 1523 Tarentum]

173 1539 298 1563 waren
322 1528 418 1563 doch
437 1527 535 1561 wohl
555 1527 613 1561 die
635 1526 836 1571 Gegenden
856 1527 917 1561 be·

991 1527 1076 1571 Vgl.
1103 1526 1195 1571 Kap.
1225 1530 1287 1569 38,
1316 1530 1348 1560 9.

175 1576 336 1616 stimmt‚
374 1575 433 1608 ffir
470 1575 609 1609 welche
643 1574 764 1608 dieses
797 1574 918 1608 Gebot

174 1623 302 1666 gelten
322 1622 443 1657 sollte.
460 1641 503 1646 —-
519 1621 680 1666 primas]
707 1620 918 1664 n'achsthin,

175 1669 239 1703 des
259 1668 460 1704 laufenden
478 1668 625 1702 Jahres:
649 1672 705 1711 42,
727 1672 783 1711 21,
807 1672 838 1711 5,
860 1680 917 1701 zu-

173 1716 308 1750 weilen
346 1716 413 1750 auf
441 1715 676 1749 Inschriften.
724 1714 920 1759 Gegenteil

174 1768 230 1805 35,
254 1768 284 1807 7,
305 1767 325 1797 3
347 1763 516 1805 Feralia,
536 1773 627 1806 quae
642 1762 808 1805 proxime
826 1762 920 1804 fuis-

173 1814 261 1845 sent.
295 1831 339 1835 -
378 1811 419 1844 in
456 1810 578 1854 urbes]
618 1809 693 1843 Das
732 1808 921 1843 Dreschen

174 1858 239 1891 der
271 1857 421 1892 Garben
458 1856 597 1891 konnte
637 1855 737 1891 wohl
774 1856 813 1890 111
849 1856 920 1890 den

180 1905 336 1939 Stadten
368 1905 520 1948 besorgt
550 1903 715 1945 werden,
751 1902 811 1937 die
844 1902 922 1937 Zeit

178 1951 236 1986 bis
256 1952 358 1986 Ende
373 1951 449 1985 Mai
470 1951 532 1985 des
553 1949 767 1994 damaligen
786 1949 921 1984 Kalen-

177 1999 262 2033 ders
283 1998 408 2033 wiirde
428 1997 535 2032 hiezu
554 1997 668 2031 kaum
688 1997 922 2042 hingereicht

177 2046 310 2081 haben.

229 2108 282 2138 15.
316 2104 380 2138 sub
406 2103 527 2148 hasta]
560 2103 621 2137 bei
645 2103 795 2137 vendere
827 2102 921 2136 auch

178 2150 272 2194 Kap.
300 2154 356 2192 38,
385 2154 416 2193 7,
442 2150 504 2184 bei
528 2150 648 2184 venire
672 2149 767 2193 Kap.
788 2153 844 2190 37,
867 2153 920 2183 12.

178 2196 502 2231 VVahrscheinlich
519 2197 644 2230 wurde
661 2196 922 2240 urspriinglich

178 2243 239 2278 bei
266 2244 331 2278 der
355 2243 522 2277 Auktion
547 2254 633 2277 vom
658 2242 836 2276 Ausrufer
862 2242 921 2275 ein

179 2290 299 2335 Spiess
331 2290 422 2324 fiber
448 2290 519 2323 den
550 2289 826 2334 ausgebotenen
853 2288 920 2323 Ge-

178 2337 363 2383 genstand
389 2335 574 2382 gehalten.

228 2396 277 2430 ad
301 2397 360 2430 ius
384 2396 452 2430 dic.
475 2395 541 2440 cr.]
568 2395 651 2438 Vgl.
674 2394 765 2438 Kap.
787 2398 843 2436 30,
866 2398 920 2428 18.

177 2443 247 2477 Die
256 2442 501 2487 Verbindung
516 2442 581 2475 der
594 2441 923 2484 Rechtsprechung

178 2489 216 2523 in
253 2490 348 2524 Rom
386 2489 455 2524 mit
493 2489 613 2523 einem
651 2487 922 2522 militarischen

180 2535 498 2571 Gesch'aftskreise
544 2535 663 2570 ausser
707 2535 772 2569 der
814 2534 922 2568 Stadt

468 2583 473 2587 .
548 2583 567 2594 ,.
701 2582 715 2601 Υ
863 2581 870 2587 .

179 2594 407 2664 1311ήὲθὲἒῖ
421 2582 657 2673 §lagi-lfa.
682 2582 800 2663 {3535
804 2581 922 2662 ”31¹3ss

181 2676 312 2721 langer
333 2677 388 2711 als
408 2676 500 2710 zehn
521 2677 622 2721 Tage
644 2688 709 2710 aus
731 2676 795 2710 der
816 2674 923 2709 Stadt

181 2723 380 2761 abwesend
407 2723 484 2757 sein
510 2723 598 2766 (Cic.
624 2723 717 2757 Phil.
746 2726 783 2766 2,
811 2726 830 2764 ξ
851 2722 920 2765 31).

232 2798 285 2828 16.
313 2794 475 2839 placuit]
503 2793 579 2828 scil.
603 2794 794 2837 patribus,
821 2803 921 2827 sena-

182 2841 248 2873 tui.
270 2859 313 2864 —
339 2853 361 2874 a
386 2840 564 2886 Terentio]
587 2840 778 2884 Vg1.Kap.
796 2843 921 2881 25,11.

183 2906 227 2910 -
242 2897 285 2920 ex
299 2887 429 2922 Sicilia
447 2887 528 2932 legs]
550 2887 690 2922 welche
710 2887 788 2921 ihm
809 2886 923 2920 sehon

1042 1578 1095 1608 18.
1128 1574 1274 1608 subm-b.
1304 1574 1373 1617 Iit]
1408 1573 1467 1607 die
1493 1572 1633 1607 Kiisten
1664 1583 1737 1607 von

991 1620 1138 1654 Latium
1165 1633 1200 1655 u.
1229 1619 1412 1655 Etrurien.

1042 1672 1094 1701 19.
1131 1668 1171 1701 in
1206 1667 1340 1701 Piceno
1372 1666 1476 1712 ayro]
1512 1665 1604 1700 Dort
1637 1666 1737 1700 steht

993 1714 1090 1748 denn
1107 1714 1202 1748 auch
1214 1714 1331 1748 Varro
1346 1713 1396 1748 im
1410 1713 1610 1757 folgenden
1624 1712 1737 1747 Jahre

1042 1812 1097 1842 20.
1119 1807 1263 1852 missus]
1285 1820 1347 1842 zur
1360 1808 1653 1852 Unterstfitzung
1673 1807 1736 1841 des

992 1856 1130 1890 bereits
1151 1856 1184 1898 (ξ
1199 1858 1233 1892 2)
1255 1855 1405 1889 dorthin
1425 1854 1629 1888 verreisten
1647 1854 1733 1888 Pr'a-

993 1904 1071 1937 tors
1097 1904 1193 1947 App.
1222 1901 1396 1936 Claudius
1422 1901 1589 1935 Pulcher.

1042 1973 1145 2017 Kap.
1186 1976 1347 2007 33—34.
1398 1970 1598 2006 Bu'ndnis
1636 1970 1736 2005 zwi-

995 2020 1130 2054 schen
1157 2019 1384 2053 Hannibal
1408 2030 1442 2052 u.
1465 2017 1650 2062 Philipp
1671 2017 1732 2051 III.

994 2064 1733 2109 vonMacedonien;Verh'altnisse

994 2114 1038 2147 111
1060 2113 1315 2148 Sardinien:
1343 2112 1496 2155 Polyb.
1518 2116 1549 2155 7,
1571 2115 1608 2154 93
1637 2111 1732 2145 Zon.

995 2165 1033 2204 9,
1060 2164 1091 2193 4.

1041 2218 1104 2252 33.
1143 2221 1172 2252 1.
1205 2217 1316 2261 reyes]
1344 2216 1550 2250 Antiochus
1576 2215 1636 2249 III.
1664 2226 1737 2250 von

997 2265 1142 2308 Syrien,
1174 2266 1390 2309 224—1§7;
1428 2262 1642 2297 Ptolemaus
1675 2261 1736 2297 IV.

995 2311 1214 2355 Philopator
1234 2321 1304 2345 von
1324 2310 1509 2354 Agypten,
1531 2313 1736 2352 221—2043

994 2359 1144 2392 Attalus
1168 2357 1194 2391 I.
1222 2369 1295 2391 von
1320 2356 1559 2402 Pergamum,
1587 2360 1653 2391 241
1681 2356 1737 2390 bis

998 2409 1062 2439 197
1090 2417 1122 2440 v,
1152 2403 1233 2439 Chr.

1043 2468 1074 2497 2.
1101 2464 1196 2497 inter
1215 2463 1317 2507 quos]
1340 2462 1432 2507 Kap.
1457 2466 1487 2505 1,
1508 2466 1528 2496 9
1549 2461 1619 2496 mit
1637 2460 1735 2506 eige-

994 2522 1079 2545 nem
1092 2510 1190 2544 Verb
1212 2511 1261 2544 im
1281 2509 1519 2544 Relativsatz.
1539 2529 1582 2533 —-
1602 2507 1732 2552 mayis]

996 2557 1073 2591 scil.
1107 2568 1214 2602 quam
1247 2558 1352 2592 ceteri
1382 2567 1495 2601 reyes,
1533 2565 1608 2589 was
1640 2555 1736 2589 auch

993 2604 1054 2639 bei
1093 2605 1245 2648 propior
1289 2616 1333 2637 zu
1370 2606 1550 2647 erganzen
1594 2600 1652 2636 ist.
1693 2622 1735 2626 —

995 2651 1105 2696 quod]
1143 2651 1184 2695 ja
1216 2650 1320 2685 nicht
1352 2661 1439 2694 quo,
1471 2649 1518 2683 da
1550 2648 1614 2682 der
1647 2647 1737 2682 Sinn

995 2698 1099 2732 nicht
1121 2697 1170 2732 ist
1197 2697 1260 2741 „je
1279 2697 1394 2731 naher
1415 2708 1453 2731 er
1471 2695 1605 2730 Italien
1624 2694 1735 2729 kam“

1004 2747 1066 2786 22,
1094 2748 1114 2778 4
1153 2748 1173 2778 6
1194 2773 1200 2779 .

997 2751 1008 2787 <
1043 2796 1074 2825 3.
1102 2773 1142 2825 u't
1169 2747 1206 2826 .),
1229 2818 1236 2824 .
1263 2791 1331 2835 ita]
1364 2800 1487 2832 „zwar
1513 2817 1519 2823 .
1543 2816 1550 2823 .
1573 2817 1579 2823 .
1608 2789 1738 2832 aber“‚

997 2838 1051 2872 oft
1082 2837 1143 2873 bei
1170 2837 1315 2879 Cicero,
1348 2836 1473 2880 haufig
1504 2834 1566 2870 bei
1597 2835 1736 2870 Livius.

996 2884 1101 2929 (Kap.
1125 2888 1179 2929 12,
1199 2885 1247 2928 4).
1271 2905 1309 2909 -
1340 2882 1561 2928 Romanu-m]
1590 2881 1737 2916 unklas-
