1882 3163
169 91 227 134 60
690 92 833 126 LIBER
857 91 970 127 XXII.
1015 92 1116 128 CAP.
1144 98 1198 129 39.

1563 110 1591 128 a.
1612 111 1643 129 u.
1663 104 1728 130 538.

172 201 309 242 oratio
349 203 429 253 est,
469 214 594 254 quem
627 200 748 241 video
780 200 1039 255 nequiquam
1070 204 1113 243 et
1145 203 1285 243 virum
1324 202 1486 244 bonum
1518 204 1561 243 et
1592 203 1729 244 civem

171 260 279 312 fore,
314 261 348 300 si
380 259 517 301 altera
549 262 671 314 parte
703 259 927 301 claudente
959 274 1004 301 re
1035 261 1206 314 publica
1239 261 1362 302 malis
1396 260 1588 302 consiliis
1614 261 1728 302 idem

122 331 147 362 4
173 333 221 360 00
253 318 376 360 bonis
407 318 513 359 iuris
547 321 589 359 et
620 319 848 372 potestatis
880 319 971 360 erit.
1028 334 1142 361 erras
1175 321 1300 373 enim,
1332 319 1377 361 L.
1405 319 1550 373 Paule,
1582 320 1619 361 si
1650 320 1730 361 tibi

172 378 314 418 minus
348 378 592 419 certaminis
625 392 720 419 cum
753 376 797 419 O.
826 378 1026 420 Terentio
1060 393 1187 433 quam
1220 394 1315 420 cum
1341 378 1586 420 Hannibale
1618 378 1731 420 futu-

171 451 265 478 rum
292 451 457 478 censes:
484 437 627 478 nescio
654 451 710 478 an
741 436 935 479 infestior
959 437 1028 479 hic
1048 438 1313 480 adversarius
1337 452 1465 493 quam
1490 438 1562 479 ille
1589 438 1727 479 hostis

173 498 347 537 maneat
378 499 439 549 te,
472 510 566 537 cum
597 498 645 537 tu
675 511 769 538 cum
795 496 870 538 illo
896 497 940 537 in
967 497 1055 538 acie
1081 500 1268 551 tantum,
1302 512 1396 538 cum
1421 497 1502 538 1100
1528 497 1730 538 omnibus

125 569 146 600 5
174 555 278 596 locis
318 569 366 596 ac
404 555 667 610 temporibus
714 555 771 596 sis
810 558 1065 609 certaturus,
1111 560 1153 597 et
1197 557 1396 597 adversus
1436 555 1731 597 Hannibalem

173 615 450 669 legionesque
488 615 577 656 eius
615 615 701 655 tuis
739 614 953 668 equitibus
986 630 1035 656 ac
1072 616 1286 669 peditibus
1331 615 1610 670 pugnandum
1652 614 1733 655 tibi

127 688 147 720 6
170 674 247 727 sit,
293 673 431 715 Varro
477 673 559 715 dux
602 674 689 714 tuis
733 673 942 715 militibus
987 677 1029 715 te
1069 675 1126 715 sit
1169 677 1504 729 oppugnaturus.

1576 674 1731 715 ominis

176 733 305 774 etiam
337 733 417 773 tibi
450 747 578 774 causa
610 732 723 774 absit
750 731 794 773 C.
815 732 1001 774 Flamini
1032 735 1250 775 memoria,
1301 737 1445 774 tamen
1477 733 1549 774 ille
1582 733 1731 774 consul

175 792 344 832 demum
390 795 432 833 et
475 793 519 833 in
562 792 784 846 provincia
825 795 867 832 et
904 792 955 833 ad
996 793 1225 833 exercitum
1269 793 1410 846 coepit
1450 792 1607 845 furere;
1651 792 1733 845 hic,

175 851 423 905 priusquam
463 854 626 905 peteret
669 851 957 905 consulatum,
997 851 1146 892 deinde
1184 851 1230 892 in
1267 852 1451 905 petendo
1493 851 1733 905 consulatu,

174 924 288 951 nunc
320 924 488 965 quoque
520 910 686 963 consul,
719 910 968 964 priusquam
1001 913 1142 951 castra
1173 910 1316 951 videat
1348 914 1422 963 aut
1452 910 1642 963 hostem,
1673 911 1735 950 in-

127 984 148 1014 7
176 970 301 1011 sanit.

364 972 406 1010 et
439 970 509 1023 qui
548 973 694 1010 tantas
731 970 818 1009 iam
855 983 968 1010 nunc
1006 969 1215 1022 procellas
1254 969 1418 1023 proelia
1456 972 1581 1023 atque
1621 969 1734 1010 acies

173 1028 371 1070 iactando
410 1029 523 1069 inter
559 1030 732 1083 togatos
772 1028 871 1081 ciet,
916 1027 1017 1082 quid
1061 1028 1175 1069 inter
1219 1030 1430 1068 armatam
1470 1028 1735 1069 iuventutem

126 1104 148 1135 8
176 1101 321 1128 censes
354 1088 586 1139 facturum,
626 1089 669 1127 et
706 1087 780 1127 ubi
821 1088 1034 1140 extemplo
1068 1101 1135 1128 res
1168 1087 1299 1128 verba
1331 1086 1551 1141 sequitur?
1615 1087 1737 1141 atqui

176 1146 212 1186 si
245 1146 332 1199 1110,
365 1140 477 1200 quod
508 1145 720 1186 facturum
754 1160 799 1187 se
831 1146 1076 1199 denuntiat,
1109 1146 1320 1200 extemplo
1354 1145 1629 1200 pugnaverit,
1663 1147 1737 1186 aut

176 1218 254 1259 ego
287 1220 377 1246 rem
410 1205 660 1258 militarem,
692 1204 794 1245 belli
825 1204 906 1246 1100
938 1219 1091 1260 genus,
1123 1205 1293 1247 hostem
1326 1205 1475 1246 hunc
1464 1219 1629 1260 ignoro,
1663 1207 1737 1245 aut

128 1282 148 1313 9
176 1265 361 1306 nobilior
405 1264 513 1305 alius
553 1264 845 1306 Trasumenno
891 1264 1010 1305 locus
1055 1264 1215 1306 nostris
1261 1264 1452 1305 cladibus
1497 1263 1590 1305 erit.

1658 1277 1735 1305 nec

177 1323 392 1378 gloriandi
417 1327 587 1378 tempus
615 1322 818 1364 adversus
838 1338 970 1364 unum
991 1326 1073 1378 est,
1100 1325 1141 1364 et
1162 1337 1241 1378 ego
1263 1323 1571 1364 contemnendo
1591 1323 1735 1377 potius

176 1397 304 1437 quam
343 1382 583 1436 adpetendo
623 1383 806 1436 gloriam
845 1382 1018 1424 modum
1059 1382 1328 1437 excesserim3
1374 1382 1446 1423 sed
1484 1382 1546 1423 ita
1583 1396 1650 1422 res
1691 1396 1736 1422 se

174 1442 324 1483 habet:
352 1456 437 1482 una
457 1442 567 1483 ratio
588 1441 687 1483 belli
710 1441 884 1496 gerendi
905 1441 1108 1483 adversus
1129 1441 1418 1482 Hannibalem
1441 1444 1524 1495 est,
1550 1455 1634 1495 qua
1654 1454 1734 1495 ego

105 1518 149 1549 10
176 1502 301 1555 gessi.
357 1515 433 1542 nec
465 1504 641 1541 eventus
673 1500 801 1542 modo
833 1500 914 1541 hoc
940 1500 1066 1542 docet
1087 1525 1141 1530 -—
1162 1501 1389 1542 stultorum
1420 1500 1502 1542 iste
1529 1500 1736 1555 magister

177 1563 242 1600 est
264 1584 331 1614 -,
363 1559 435 1601 sed
457 1560 604 1600 eadem
624 1560 753 1612 ratio,
785 1574 894 1614 quae
918 1556 1003 1600 fuit
1027 1560 1272 1614 futuraque,
1305 1559 1438 1600 donec
1468 1573 1536 1599 res
1563 1559 1734 1600 eaedem

107 1637 147 1667 11
177 1619 428 1672 manebunt,
459 1618 725 1659 inmutabilis
753 1621 828 1660 est.
879 1618 925 1659 in
948 1617 1075 1660 Italia
1094 1619 1253 1659 bellum
1273 1619 1476 1673 gerimus,
1502 1618 1545 1658 in
1567 1617 1664 1659 sede
1686 1631 1734 1659 00

176 1678 268 1719 solo
302 1680 468 1731 nostr03
501 1678 644 1719 omnia
671 1678 780 1718 circa
806 1677 933 1731 plena
960 1678 1114 1719 civium
1142 1692 1191 1718 ac
1212 1677 1423 1718 sociorum
1450 1678 1568 1729 sunt3
1601 1676 1731 1717 armis

175 1737 277 1778 viris
312 1737 429 1791 equis
463 1737 772 1778 commeatibus
804 1737 952 1778 iuvant
984 1737 1290 1790 iuvabuntque:
1335 1736 1377 1776 id
1415 1736 1501 1776 iam
1532 1734 1631 1776 fidei
1663 1735 1734 1776 do-

179 1959 287 1991 quam
310 1947 453 1982 animis.
475 1968 519 1972 -—
540 1949 669 1990 oratio,
694 1948 812 1982 woffir
834 1957 920 1981 man

176 2006 307 2039 wegen
333 1998 454 2029 tecum
482 1995 569 2029 eher
589 2006 707 2029 sermo
728 1995 797 2029 wie
817 2006 844 2029 0.
862 1998 918 2038 40,

176 2046 199 2075 4
209 2042 398 2082 erwartet3
414 2041 527 2076 0110111
540 2042 600 2075 fiir
611 2043 675 2076 das
687 2040 919 2076 Geschichts-

177 2088 280 2123 werk
307 2089 369 2123 des
394 2088 432 2122 L.
459 2087 580 2132 passte
605 2101 674 2123 nur
700 2089 759 2123 die
782 2089 918 2122 Kunst-

178 2136 272 2170 form
301 2147 371 2170 von
397 2136 497 2169 Rede
522 2136 598 2169 und
624 2135 846 2180 Gegenrede.
876 2156 918 2160 —

179 2183 365 2217 claudente
403 2199 447 2211 =
493 2181 742 2223 claudicante;
806 2183 921 2216 altera

176 2234 296 2274 parte,
322 2229 392 2263 wie
417 2229 542 2273 Nepos
562 2228 700 2273 Agesil.
723 2232 755 2271 8,
779 2232 795 2262 1
824 2229 921 2263 01011-

181 2278 247 2311 dus
274 2277 391 2311 altero
418 2277 522 2320 pede.

226 2363 329 2394 4—6.
356 2359 486 2393 nescio.
530 2357 623 2392 Eine
648 2357 824 2401 Partikel,
853 2358 921 2392 wie

180 2407 314 2450 immo,
340 2406 454 2448 fehlt,
490 2404 575 2440 weil
601 2405 713 2439 sehon
741 2405 799 2439 die
826 2406 921 2439 erste

179 2454 316 2489 Person
355 2453 462 2488 einen
501 2452 747 2498 genfigenden
779 2450 922 2497 Gegen-

180 2502 258 2535 satz
290 2513 352 2535 zur
388 2501 542 2534 zweiten
569 2502 695 2543 (erras)
720 2499 848 2534 bildet.
877 2520 921 2524 —

180 2550 351 2593 legiones,
379 2560 421 2582 zu
449 2551 504 2590 21,
531 2551 563 2588 3,
592 2551 622 2582 1.
651 2567 692 2571 -
720 2548 793 2581 tuis
823 2548 920 2591 equi-

180 2597 276 2630 tibus
302 2597 397 2630 setzt
424 2595 527 2628 nicht
548 2594 628 2629 eine
649 2594 820 2639 standige
839 2594 920 2628 Tei-

179 2643 271 2687 lung
297 2644 361 2677 der
382 2642 557 2686 Truppen
577 2652 711 2675 voraus
732 2642 800 2675 wie
821 2653 850 2676 c.
865 2645 922 2685 27,

180 2693 212 2733 9,
239 2691 285 2724 da
309 2689 407 2724 nach
429 2699 456 2723 c.
479 2693 535 2730 41,
551 2692 570 2722 3
598 2688 662 2722 der
682 2688 812 2722 Befehl
833 2689 922 2722 fiber

183 2738 248 2771 das
276 2747 390 2779 ganze
417 2736 514 2769 Heer
539 2735 754 2770 wechselte:
788 2735 920 2780 equiti-

181 2784 247 2817 bus
274 2783 324 2817 ist
342 2783 612 2829 vorangestellt
630 2782 699 2816 mit
718 2782 922 2817 Rficksicht

182 2830 322 2873 darauf,
339 2830 416 2864 dass
431 2822 618 2863 Kmilius
609 2842 647 2863 1n
667 2830 732 2864 der
748 2829 922 2864 Schlacht

182 2876 243 2912 bei
264 2876 388 2912 Canna
409 2876 468 2911 die
494 2876 703 2911 romischen
716 2876 841 2911 Reiter
860 2876 919 2911 be-

108 1815 149 1845 12
178 1799 421 1837 cumentum
448 1796 491 1837 in
519 1796 705 1837 adversis
731 1795 857 1836 rebus
884 1796 1043 1836 nostris
1072 1795 1294 1850 dederunt3
1327 1795 1524 1836 meliores
1551 1794 1733 1848 pruden—

993 1946 1162 1991 fehligte‚
1188 1958 1217 1981 0.
1238 1950 1294 1989 45,
1316 1949 1347 1981 8.
1369 1949 1424 1988 49,
1446 1950 1477 1980 3.
1502 1967 1543 1970 —-
1564 1947 1639 1980 tuis
1661 1946 1734 1980 miz.

993 1994 1110 2028 durch
1136 1994 1362 2037 Aufreizung
1394 1993 1590 2028 derselben
1613 2004 1736 2037 gegen

993 2040 1097 2076 ihren
1122 2041 1274 2075 Ftihrer.
1302 2061 1345 2065 —
1374 2040 1562 2083 Flamini,
1595 2043 1652 2083 21,
1680 2044 1736 2075 63.

993 2108 1036 2113 —
1063 2089 1201 2130 furem
1228 2099 1257 2121 0.
1285 2092 1317 2129 3,
1344 2091 1363 2121 9
1385 2087 1420 2121 ff.

1043 2173 1104 2203 7—
1115 2172 1168 2202 10.
1200 2170 1375 2212 pooeellas
1400 2172 1460 2202 etc.
1512 2167 1587 2201 Der
1611 2167 1735 2202 rheto-

991 2215 1112 2250 rische
1148 2215 1411 2249 Wortschwall
1450 2214 1593 2249 stimmt
1631 2214 1735 2249 nicht

994 2263 1099 2297 recht
1142 2262 1211 2297 mit
1254 2262 1316 2296 der
1355 2261 1626 2306 Versicherung
1670 2261 1734 2296 des

993 2309 1111 2344 Varro
1127 2311 1197 2344 den
1211 2308 1325 2354 Krieg
1345 2308 1414 2342 mit
1428 2308 1528 2343 einer
1542 2307 1732 2343 Entschei-

994 2355 1284 2400 dungsschlacht
1309 2368 1352 2390 zu
1378 2355 1596 2400 beendigen,
1623 2367 1653 2390 0.
1675 2360 1732 2397 38,

996 2408 1026 2438 7.
1054 2425 1097 2428 —
1124 2404 1308 2446 iactando,
1332 2402 1401 2437 mit
1427 2405 1541 2437 etwas
1567 2415 1629 2437 um
1654 2402 1733 2437 sich

994 2451 1140 2485 werfen.
1164 2471 1207 2476 —
1227 2451 1291 2484 hoc
1310 2460 1434 2495 yenus,
1460 2450 1525 2484 das
1545 2450 1733 2494 bisherige

994 2497 1318 2541 Defensivsystem.
1359 2517 1400 2522 —
1441 2498 1528 2539 erit,
1572 2497 1733 2541 Prophe-

994 2546 1151 2590 zeihung
1187 2557 1231 2580 ex
1257 2546 1402 2578 eventu.
1429 2564 1472 2569 ——
1499 2546 1579 2579 adv.
1606 2555 1732 2586 unum,

992 2593 1063 2627 frei
1102 2592 1224 2626 ‘unter
1260 2590 1339 2626 vier
1369 2590 1528 2635 Augen'.
1568 2612 1609 2615 —
1649 2592 1733 2625 iste:

995 2640 1053 2674 die
1085 2638 1309 2674 Parenthese
1345 2638 1480 2672 drfickt
1515 2638 1640 2672 besser
1678 2636 1732 2671 als

995 2687 1058 2721 der
1079 2686 1307 2733 Relativsata
1326 2685 1384 2719 die
1406 2685 1646 2728 Verachtung
1669 2685 1733 2718 der

995 2734 1152 2769 Theorie
1184 2744 1248 2767 aus
1280 2733 1376 2766 nach
1403 2732 1487 2766 dem
1513 2731 1663 2776 Erfolge
1690 2743 1733 2765 zu

995 2781 1164 2816 urteilen.
1192 2800 1236 2805 -
1263 2780 1399 2822 eadem,
1437 2778 1541 2813 nicht
1575 2778 1733 2822 parallel

994 2829 1062 2862 11111
1088 2828 1170 2872 1100,
1197 2827 1352 2861 sondern
1380 2838 1421 2860 zu
1447 2825 1543 2859 ratio
1564 2825 1732 2869 geho'rig.

996 2895 1037 2900 —
1065 2875 1194 2918 futura
1220 2877 1278 2917 est,
1304 2872 1653 2908 nachdrucksvoller
1676 2871 1732 2907 als
