1882 3163
146 119 173 138 a.
194 111 246 137 Ch.
269 112 330 137 216.
622 99 766 134 LIBER
790 98 904 134 XXII.
949 98 1051 134 CAP.
1079 103 1134 135 38.
1163 102 1216 134 39.
1645 98 1700 139 59

263 208 512 262 Contiones,
543 208 792 263 priusquam
823 207 877 248 ab
909 208 1014 249 urbe
1041 208 1165 262 signa
1191 209 1480 260 moverentur,
1513 207 1700 248 consulis
1727 218 1749 249 6

142 269 350 311 Varronis
382 268 541 310 multae
575 282 623 309 ac
660 266 823 308 feroces
860 266 997 320 fuere,
1036 267 1329 308 denuntiantis
1367 266 1527 308 bellum
1566 280 1702 307 arces-

144 328 274 370 situm
306 329 350 369 in
382 327 554 369 Italiam
587 326 640 368 ab
671 325 891 367 nobilibus
923 340 1258 380 mansurumque
1300 326 1344 366 in
1377 325 1610 367 visceribus
1641 325 1703 366 rei

142 388 357 442 publicae,
395 386 432 427 si
468 387 611 440 plures
649 384 808 426 Fabios
845 384 1125 439 imperatores
1168 385 1366 439 haberet,
1411 398 1474 438 se,
1512 399 1595 439 quo
1634 385 1702 426 die
1729 394 1749 426 7

142 446 313 488 hostem
332 445 528 498 vidisset,
555 443 854 499 perfecturum.
916 444 1120 498 conlegae
1153 443 1243 484 eius
1276 443 1399 484 Pauli
1430 458 1535 497 una,
1567 443 1703 498 pridie
1729 454 1750 486 8

144 520 272 560 quam
310 505 413 545 urbe
453 504 813 558 proficisceretur,
857 503 1001 545 contio
1045 502 1146 556 fuit,
1190 502 1330 544 verior
1368 517 1495 556 quam
1540 503 1704 558 gratior

142 565 320 619 populo,
364 578 447 617 qua
490 563 599 604 nihil
643 563 924 604 inclementer
969 562 1014 603 in
1050 561 1291 603 Varronem
1338 561 1497 602 dictum
1535 562 1620 603 11131
1660 562 1703 603 id

144 622 290 676 modo,
322 623 468 663 mirari
502 637 564 676 se,
604 622 808 676 [quodne]
844 622 916 676 qui
949 622 1050 676 dux,
1081 622 1331 676 priusquam
1371 623 1444 661 aut
1475 635 1598 661 suum
1630 623 1704 662 aut
1729 632 1750 663 9

142 682 334 723 hostium
372 681 620 736 exercitum,
658 682 851 722 locorum
890 682 1039 734 situm,
1076 684 1278 722 naturam
1319 679 1506 734 regionis
1544 683 1703 732 nosset,

140 741 227 782 iam
265 755 376 782 nunc
415 743 588 796 togatus
627 741 672 781 in
709 741 813 782 urbe
853 740 998 794 sciret,
1044 755 1152 795 quae
1198 739 1280 781 sibi
1325 739 1491 794 agenda
1537 742 1701 781 armato

141 799 302 854 forent,
334 802 376 841 et
401 800 513 841 diem
540 814 708 854 quoque
733 799 978 854 praedicere
1005 801 1171 854 posset,
1203 813 1286 853 qua
1307 812 1402 839 cum
1422 798 1546 839 hoste
1567 798 1701 853 signis
1730 809 1775 840 10

142 860 322 902 conlatis
356 862 467 901 esset
499 859 792 901 dimicaturus.
856 873 918 913 se,
957 874 1064 914 quae
1102 858 1282 900 consilia
1319 858 1458 913 magis
1499 872 1567 898 res
1600 857 1702 898 dent
1729 868 1772 899 11

141 918 387 960 hominibus
421 933 549 973 quam
574 918 771 960 homines
798 919 944 973 rebus,
976 933 1026 960 ea
1052 921 1151 960 ante
1175 920 1347 971 tempus
1374 917 1590 958 inmatura
1614 931 1704 958 non

140 980 479 1032 praecepturum.
530 981 696 1032 optare,
727 980 792 1032 ut,
819 993 926 1032 quae
954 980 1077 1019 caute
1105 991 1153 1019 ac
1180 977 1374 1018 consulte
1400 980 1524 1031 gesta
1550 978 1703 1027 essent,

143 1038 248 1078 satis
274 1051 477 1091 prospere
504 1037 742 1091 evenirent3
773 1038 1080 1090 temeritatem,
1106 1039 1405 1091 praeterquam
1432 1035 1543 1090 quod
1571 1035 1705 1077 stulta
1732 1046 1775 1077 12

145 1096 219 1145 sit,
251 1096 466 1138 infelicem
499 1096 627 1137 etiam
661 1096 713 1137 ad
744 1097 787 1137 id
812 1097 1005 1138 locorum
1031 1096 1174 1137 fuisse.
1225 1098 1268 1136 et
1294 1110 1370 1136 sua
1396 1096 1549 1149 sponte
1576 1109 1702 1149 appa-

142 1155 283 1208 rebat,
314 1158 409 1196 tuta
441 1155 647 1196 celeribus
680 1156 871 1197 consiliis
911 1156 1273 1210 praepositurum3
1311 1157 1371 1209 et,
1410 1154 1491 1208 quo
1524 1154 1566 1194 id
1605 1168 1702 1195 con·
1730 1165 1774 1196 13

143 1214 329 1255 stantius
349 1217 659 1268 perseveraret,
687 1214 734 1263 Q.
755 1214 913 1256 Fabius
934 1214 1145 1256 Maximus
1167 1214 1226 1255 310
1247 1228 1343 1254 011111
1363 1213 1702 1268 proficiscentem

143 1273 366 1314 adlocutus
399 1274 546 1315 fertur.

261 1331 332 1386 „Si
359 1336 432 1373 aut
458 1333 696 1387 conlegam,
723 1333 767 1373 id
793 1333 905 1387 quod
932 1334 1121 1385 mallem,
1146 1332 1211 1373 tui
1231 1332 1435 1384 similem,
1466 1330 1512 1372 L.
1532 1331 1702 1385 Aemili,
1722 1336 1772 1372 39

141 1391 336 1445 haberes,
369 1394 443 1433 aut
472 1394 519 1433 tu
552 1392 756 1447 conlegae
788 1392 851 1433 tui
884 1407 998 1434 esses
1033 1392 1204 1444 similis,
1243 1405 1557 1446 supervacanea
1589 1394 1703 1432 esset

143 1451 279 1492 oratio
324 1465 435 1492 mea:
479 1465 580 1492 nam
626 1454 668 1492 et
711 1451 793 1492 duo
839 1452 941 1493 boni
981 1452 1175 1493 consules
1214 1450 1345 1492 etiam
1384 1465 1450 1491 me
1488 1449 1701 1491 indicente
1728 1462 1748 1492 2

143 1510 289 1551 omnia
322 1525 342 1551 e
374 1524 419 1551 re
452 1510 624 1564 publica
660 1510 819 1563 fideque
854 1514 997 1551 vestra
1035 1510 1233 1552 faceretis
1272 1512 1313 1551 et
1351 1510 1453 1550 mali
1490 1523 1567 1550 nec
1605 1523 1703 1550 mea

142 1569 273 1610 verba
305 1569 478 1610 auribus
512 1569 667 1611 vestris
700 1584 778 1612 nec
809 1570 988 1611 consilia
1020 1569 1174 1610 animis
1208 1568 1471 1623 acciperetis.
1521 1582 1633 1609 nunc
1659 1571 1702 1609 et
1727 1581 1748 1612 3

142 1628 365 1683 conlegam
397 1631 518 1669 tuum
552 1631 595 1670 01
625 1631 667 1670 10
699 1629 830 1670 1310111
864 1629 1000 1670 virum
1034 1629 1216 1670 intuenti
1250 1629 1355 1669 mihi
1386 1630 1528 1669 tecum
1561 1628 1700 1669 omnis

192 1755 252 1798 38,
281 1755 410 1791 6—40.
450 1756 644 1802 Abgang
670 1757 747 1792 der
776 1757 885 1792 Con-

143 1802 249 1837 suln
275 1803 344 1838 1113
370 1803 524 1848 113801.

960 1757 1008 1838 {ia
1037 1757 1165 1839 tdieser
1203 1756 1381 1792 Gedanke
1421 1757 1460 1791 in
1497 1760 1516 1798 ξ
1544 1760 1563 1790 7
1596 1756 1700 1791 nicht

974 1816 1035 1849 108
1055 1833 1062 1839 .

197 1877 227 1907 6.
256 1878 286 1907 7.
308 1874 529 1918 priusquam
559 1874 692 1909 nimmt
718 1874 789 1909 den
816 1874 883 1909 Ge-

145 1919 293 1955 danken
320 1931 392 1955 von
419 1932 446 1956 c.
471 1925 526 1965 36,
549 1926 567 1956 6
590 1921 662 1956 auf.
683 1942 727 1946 —
749 1923 884 1956 denun-

151 1968 282 2002 tiant-is
306 1967 387 2002 hier
413 1968 536 2003 weder
569 1968 752 2011 drohend,
789 1969 884 2004 noch

147 2025 218 2049 von
246 2015 310 2049 der
330 2015 564 2059 Enthu'llung
591 2014 691 2050 eines
713 2015 884 2050 Geheim-

146 2062 280 2106 1113303,
319 2073 447 2105 wegen
487 2074 517 2098 0.
551 2066 613 2106 34,
651 2067 690 2107 4,
728 2064 887 2098 sondern

146 2109 241 2143 bloss
262 2109 476 2152 „offentlich
497 2110 571 2144 und
587 2110 666 2144 laut
680 2110 886 2154 erklaren“,

145 2167 175 2190 0.
202 2160 258 2199 39,
287 2160 317 2191 8.
346 2160 402 2200 49,
430 2162 461 2191 3.
497 2178 540 2182 -
575 2159 784 2192 arcessitum
819 2158 888 2193 mit

142 2202 364 2248 Beziehung
404 2205 470 2239 auf
504 2205 564 2239 die
600 2204 715 2239 durch
753 2205 886 2240 Fabius

146 2253 363 2296 1701Ζὸ80110
392 2251 742 2297 Kriegserkl'arung,
770 2253 885 2287 durch

145 2297 286 2332 welche
320 2298 438 2333 Hann.
471 2299 542 2334 den
574 2298 790 2345 Vorsprung
824 2312 886 2334 zur

149 2344 334 2380 Offensive
360 2357 532 2390 gewann,
572 2347 644 2381 und
682 2347 781 2382 viell.
814 2348 884 2382 den

148 2392 263 2426 durch
289 2392 348 2426 die
383 2393 586 2427 Umsti'inde
624 2393 769 2429 frcilich
806 2398 885 2429 ent-

147 2439 383 2485 schuldigten
434 2442 566 2484 apaten
610 2440 769 2486 Abgang
820 2442 884 2477 des

149 2485 272 2531 Scipio
299 2487 393 2521 nach
421 2486 581 2531 Spanien
607 2489 655 2521 im
684 2488 716 2522 J.
744 2492 823 2523 218.

194 2562 320 2592 8—10.
348 2559 506 2592 Iocorum
525 2569 551 2593 s.
578 2558 641 2593 der
662 2569 796 2603 engere
816 2560 883 2595 Be-

149 2605 244 2649 griff,
265 2605 331 2639 (13.3
346 2605 499 2640 Terrain
522 2605 589 2639 mit
604 2605 729 2649 Bezug
743 2607 809 2640 auf
825 2607 883 2642 die
902 2632 907 2637 ι

147 2653 318 2697 Stellung
339 2652 466 2687 beider
481 2653 597 2687 Heere
611 2664 678 2687 vor
693 2653 766 2687 und
787 2655 883 2688 w'ah-

145 2700 236 2734 rend
257 2700 322 2734 der
343 2699 536 2743 Schlacht;
563 2712 598 2735 n.
620 2701 794 2745 reqiom’s,
820 2702 885 2736 der

145 2746 350 2782 Charakter
376 2747 440 2781 der
455 2746 604 2791 Gege'nd
627 2747 695 2781 mit
711 2747 887 2793 Inbegriff

146 2793 210 2828 der
230 2794 604 2829 Kommunikationen
634 2795 707 2828 und
724 2795 883 2840 Verpfle-

146 2841 399 2885 gungsmittel,
428 2842 500 2886 vgl.
523 2842 713 2888 ingenium
735 2843 806 2877 loci
827 2847 882 2887 28,

148 2891 272 2929 12,11.
298 2910 336 2913 -
357 2890 576 2933 praedicere,
601 2889 882 2935 chrtreibung,

1009 1866 1157 1898 11—13.
1197 1874 1305 1907 quam
1337 1863 1426 1896 hom.
1453 1874 1482 1897 r.
1516 1862 1612 1897 bloss
1638 1874 1700 1896 um

959 1910 1023 1944 des
1050 1910 1295 1954 Gegensatzes
1328 1910 1453 1943 willen
1488 1910 1699 1954 beigeft'igt3

959 1957 1024 1992 der
1062 1956 1171 2000 Sinn,
1210 1957 1275 1991 der
1308 1957 1460 1991 Mensch
1491 1956 1587 1991 habe
1621 1957 1700 1992 sich

960 2004 1056 2039 nach
1082 2004 1154 2038 den
1180 2005 1394 2049 gegebenen
1420 2003 1700 2039 Verhaltnissen

961 2064 1005 2086 zu
1025 2051 1180 2095 1101113011,
1201 2052 1305 2086 nicht
1323 2051 1555 2095 umgekehrt.
1578 2072 1621 2077 --
1640 2063 1697 2087 εα-

960 2100 1006 2133 tis
1033 2098 1291 2143 verringernd,
1333 2098 1519 2142 θ1011111011,
1553 2099 1697 2134 ordent-

959 2146 1063 2181 lich'.
1104 2167 1147 2170 —
1187 2147 1236 2180 acl
1267 2147 1307 2181 id
1342 2147 1404 2181 loc.
1433 2147 1616 2190 temporal
1643 2150 1699 2189 25,

962 2197 1015 2236 19,
1046 2198 1105 2234 11,
1139 2193 1187 2228 ad
1213 2193 1251 2227 id
1277 2194 1348 2229 loci
1376 2194 1478 2228 lokal
1505 2193 1590 2229 Sall.
1620 2194 1698 2229 Cat.

959 2244 1015 2275 45.
1055 2262 1097 2266 -
1136 2242 1263 2284 fertur,
1305 2241 1388 2276 weil
1428 2241 1486 2276 die
1524 2241 1698 2286 folgende

959 2288 1060 2323 Rede
1086 2300 1156 2323 von
1184 2287 1261 2323 Liv.
1289 2288 1526 2333 komponiert
1556 2288 1622 2331 131,
1655 2301 1698 2323 zu

958 2347 986 2371 c.
1015 2340 1070 2379 39,
1099 2340 1129 2370 3.

1005 2418 1065 2461 39,
1095 2422 1196 2454 1—3.
1224 2418 1267 2453 Si
1292 2422 1354 2453 etc.
1381 2430 1423 2452 zu
1450 2422 1506 2460 21,
1530 2423 1584 2461 13,
1605 2422 1636 2453 2.
1653 2439 1695 2443 —

958 2467 1013 2500 tui
1039 2467 1207 2508 similem,
1241 2465 1308 2499 wie
1341 2465 1399 2499 bci
1427 2465 1464 2499 L.
1494 2465 1695 2510 dui-chweg

958 2513 1041 2555 mei,
1067 2513 1133 2555 tui,
1161 2513 1227 2556 sui,
1254 2512 1380 2555 nostri,
1407 2512 1520 2546 vestri
1547 2513 1626 2548 sim.
1653 2525 1696 2547 zu

958 2571 986 2594 c.
1019 2564 1071 2602 12,
1099 2564 1130 2595 5.
1158 2580 1201 2585 —
1229 2560 1408 2594 indicente
1439 2559 1695 2595 altertfimlich

958 2607 1026 2641 wie
1053 2607 1134 2642 Ter.
1162 2607 1228 2640 Ad.
1256 2612 1288 2647 3,
1315 2610 1347 2647 4,
1375 2610 1430 2649 62,
1457 2605 1592 2650 3113108
1617 2607 1695 2642 ino-

958 2654 1102 2698 pinans,
1140 2653 1330 2696 imperans
1367 2657 1422 2695 27,
1449 2657 1505 2695 48,
1535 2657 1592 2697 14,
1633 2666 1694 2698 ge-

958 2701 1141 2735 wohnlich
1164 2701 1321 2735 nehmen
1335 2701 1371 2734 in
1387 2702 1451 2735 der
1465 2700 1695 2736 111-3331301100

957 2747 1137 2782 Latinitat
1171 2760 1238 2781 nur
1271 2747 1328 2782 die
1357 2748 1454 2782 Part.
1483 2749 1572 2792 perf.
1600 2760 1694 2793 pasc.

957 2795 1020 2829 das
1047 2795 1269 2839 negierende
1296 2795 1333 2829 in
1362 2807 1405 2829 zu
1432 2795 1527 2837 sich,
1555 2799 1610 2839 29,
1640 2800 1694 2840 18,

958 2847 1000 2876 19
1022 2843 1161 2876 indicta
1181 2853 1301 2876 031133.
1325 2862 1366 2867 -—
1388 2843 1532 2885 animis,
1559 2848 1615 2886 42,
1639 2848 1693 2888 14,

956 2894 975 2923 2
1004 2889 1282 2934 praeoccupatis
1308 2900 1380 2924 non
1405 2889 1554 2925 auribus
1572 2890 1692 2936 magis
