1882 3163
191 121 217 160 6
706 121 852 156 LIBER
875 122 1024 157 XXIIII.
1071 123 1173 158 CAP.
1201 128 1232 159 2.

1538 143 1564 161 a.
1592 143 1620 160 u.
1645 143 1669 160 c.
1695 137 1759 162 539.

190 229 308 282 pacis
351 244 479 283 quam
523 230 692 271 adiutor
734 230 840 271 belli
883 230 1052 285 fuisset,
1094 246 1147 272 ne
1185 232 1228 272 in
1266 231 1510 273 libertatem
1543 231 1758 288 Crotonis,

144 298 163 328 5
192 288 300 328 sicut
332 290 430 328 ante
451 287 698 343 Locrorum,
717 289 875 332 frustra
894 292 1170 345 pugnaretur.
1214 291 1358 344 itaque
1379 291 1590 345 optimum
1615 292 1756 334 visum

195 348 260 386 est
292 346 344 387 ad
376 346 669 389 Hannibalem
702 348 817 389 mitti
847 349 1015 403 legatos
1049 349 1272 404 caverique
1307 350 1360 390 ab
1394 364 1454 404 e0,
1486 352 1535 391 ut
1563 354 1759 405 receptus

147 417 166 446 o
195 403 324 446 Croto
357 405 625 448 Bruttiorum
659 410 781 448 esset.
825 407 1046 449 Hannibal
1079 423 1174 450 cum
1206 408 1496 462 praesentium
1531 424 1624 450 eam
1661 424 1761 451 con-

192 464 471 506 sultationem
504 479 595 506 esse
628 466 921 519 respondisset
957 470 995 508 et
1036 467 1089 508 ad
1119 467 1376 509 Hannonem
1417 482 1488 509 eos
1528 468 1760 523 reiecisset,

145 534 164 545 Γ·

151 543 159 564 1
193 523 245 563 ab
278 522 494 565 Hannone
525 525 636 566 nihil
669 526 774 566 certi
807 526 1010 567 ablatum.
1053 540 1131 568 nec
1165 526 1278 567 enim
1312 526 1438 580 diripi
1478 527 1652 568 volebat
1681 542 1759 569 no-

190 581 319 622 bilem
353 585 480 637 atque
514 584 762 637 opulentam
794 585 943 626 urbem
983 587 1025 626 et
1061 585 1283 639 sperabat,
1329 600 1424 626 cum
1456 584 1651 627 Bruttius
1684 600 1758 641 op-

187 644 412 695 pugnaret,
444 641 614 684 Poenos
646 657 724 684 nec
756 644 940 697 probare
971 658 1051 685 nec
1082 644 1228 685 iuvare
1261 659 1355 685 eam
1388 644 1757 699 oppugnationem

141 710 161 740 8
190 703 429 754 appareret,
461 715 509 742 eo
536 702 746 743 maturius
775 702 827 743 ad
849 716 892 744 se
912 702 1164 744 defecturos.
1210 701 1395 744 Crotone
1422 717 1501 744 nec
1528 703 1756 745 consilium

186 773 320 800 unum
351 759 465 801 inter
496 761 724 814 populares
762 775 840 803 nec
879 761 1079 803 voluntas
1119 764 1229 802 erat:
1275 777 1384 803 unus
1423 762 1541 803 velut
1580 763 1756 804 morbus

187 817 407 859 invaserat
451 833 598 860 omnes
644 819 797 861 Italiae
843 820 1065 874 civitateS,
1108 822 1156 861 ut
1193 821 1339 875 plebes
1379 821 1432 862 ab
1476 821 1755 875 optimatibus

187 876 485 932 dissentirent,
531 881 705 919 senatus
738 878 944 920 Romanis
984 878 1162 933 faveret,
1206 879 1328 932 plebs
1363 879 1415 920 ad
1458 879 1625 921 Poenos
1663 894 1755 921 rem

139 947 158 976 9
187 936 390 977 traheret.
434 951 527 977 eam
561 937 873 978 dissensionem
914 938 960 978 in
997 937 1101 978 urbe
1133 937 1315 992 perfuga
1345 938 1520 979 nuntiat
1551 938 1753 980 Bruttiis:

186 993 536 1036 Aristomachum
581 1010 672 1037 esse
717 996 953 1050 principem
996 996 1136 1050 plebis
1181 997 1496 1051 tradendaeque
1542 1000 1754 1039 auctorem

186 1054 325 1107 urbis,
371 1057 414 1095 et
449 1055 494 1095 in
531 1057 653 1095 vasta
691 1055 795 1096 urbe
834 1055 1003 1109 lateque
1042 1055 1266 1096 moenibus
1299 1055 1487 1096 disiectis
1518 1070 1637 1097 raras
1671 1059 1755 1098 sta-

187 1112 327 1153 tiones
361 1113 662 1167 custodiasque
690 1117 938 1155 senatorum
965 1127 1079 1166 esse,
1114 1128 1380 1168 quacumque
1401 1114 1649 1156 custodiant
1667 1116 1756 1169 ple-

128 1181 170 1212 10
187 1171 254 1211 1113
287 1171 496 1225 homines,
530 1186 579 1213 ea
603 1175 750 1226 patere
778 1173 953 1214 aditum.
994 1175 1167 1214 auctore
1195 1187 1243 1214 ac
1269 1173 1373 1214 duce
1393 1173 1573 1228 perfuga
1593 1173 1755 1215 Bruttii

185 1244 342 1271 corona
383 1231 608 1272 cinxerunt
652 1232 820 1284 urbem,
866 1232 1114 1286 acceptique
1159 1232 1212 1273 ab
1251 1232 1375 1286 plebe
1415 1232 1555 1286 primo
1588 1233 1752 1286 impetu

127 1299 167 1328 11
186 1303 357 1330 omnem
389 1293 558 1343 praeter
591 1305 731 1332 arcem
764 1305 924 1346 cepere.
976 1305 1115 1331 arcem
1143 1291 1372 1345 optimates
1399 1291 1606 1333 tenebant
1630 1306 1750 1345 prae-

182 1351 335 1401 parato
361 1348 446 1389 iam
474 1352 573 1390 ante
600 1350 649 1390 ad
672 1351 803 1391 talem
825 1364 971 1391 casum
991 1350 1202 1404 perfugio.
1253 1350 1401 1391 eodem
1421 1349 1751 1392 Aristomachus

182 1406 396 1462 perfugit,
428 1411 651 1463 tamquam
683 1409 850 1464 Poenis,
881 1423 970 1450 non
989 1408 1172 1450 Bruttiis
1199 1411 1348 1450 auctor
1372 1409 1490 1450 urbis
1517 1409 1751 1450 tradendae

182 1465 348 1508 fuisset.

227 1580 295 1613 pro
321 1571 442 1616 sociis]
472 1583 499 1605 s.
527 1574 582 1613 48,
612 1576 643 1605 5.

229 1616 380 1662 arbiter]
390 1617 557 1662 haufiger
574 1618 682 1652 beiL.
697 1619 925 1662 disceptator.

228 1664 270 1697 in
290 1664 502 1709 libertatem]
525 1666 566 1698 in
584 1677 648 1699 zur
667 1665 927 1711 Bezeichnung

183 1711 323 1755 dessen,
350 1723 425 1746 was
452 1723 538 1746 man
563 1712 614 1746 im
635 1713 739 1757 Auge
766 1713 832 1747 hat
851 1713 927 1747 und

182 1758 341 1792 erstrebt
361 1758 475 1802 (zum
496 1759 670 1802 Zweck’),
699 1760 807 1794 beiL.
823 1760 927 1794 nicht

181 1805 314 1847 selten;
341 1806 415 1850 vgl.
445 1810 498 1848 19,
528 1810 568 1840 11
596 1806 672 1850 (bei
695 1806 768 1842 Cio.
797 1808 924 1851 nicht).

229 1855 259 1886 5.
288 1854 524 1897 caverique—
536 1854 593 1898 nt]
610 1865 732 1888 cavere
746 1857 786 1888 nt
802 1854 925 1888 ‘dafiir

181 1910 323 1943 sorgen,
351 1900 446 1934 dass'
474 1900 524 1934 ist
543 1900 647 1935 nicht
666 1901 782 1935 selten
803 1901 863 1936 bei
882 1902 923 1937 L.

180 1948 222 1989 (Z.
238 1947 277 1981 Β.
298 1946 334 1988 3,
356 1951 409 1990 10,
439 1951 482 1981 14
509 1949 643 1982 cavisse
667 1949 760 1990 deos,
780 1952 821 1982 nt
847 1952 924 1983 tuto

180 1994 327 2027 libertas
352 1995 497 2036 defendi
516 1997 666 2039 posset);
696 1995 765 2040 eig.
793 1995 925 2030 ‘durch

179 2040 426 2085 Verordnung
439 2041 499 2075 fiir
512 2043 627 2076 etwas
644 2042 805 2086 sorgen’,
826 2043 926 2077 daun

182 2086 408 2122 ‘Sicherheit
438 2088 496 2122 fiir
535 2090 649 2123 etwas
681 2090 814 2133 geben⁷
849 2090 925 2123 und

181 2134 328 2168 einfach
368 2134 596 2179 ‘verfsigen’;
634 2135 689 2170 oft
723 2136 761 2170 in
794 2137 923 2170 Testa-

180 2183 341 2224 menten,
369 2180 545 2216 Gesetzen
571 2182 646 2216 und
672 2182 890 2227 Vertr'agen.

229 2232 259 2262 6.
293 2230 542 2272 praesentnmz
580 2240 656 2263 eam
688 2231 924 2263 consultatio-

179 2286 259 2309 nem
285 2275 371 2320 esse]
394 2292 437 2303 =
458 2276 505 2309 iis
524 2277 588 2320 qui
602 2280 809 2319 praesentes
835 2276 925 2310 oder

179 2323 221 2355 1η
269 2333 307 2356 re
348 2324 532 2366 praesenti
579 2326 691 2357 essent
740 2323 925 2365 (letzterer

179 2369 310 2402 Ausdr.
339 2369 399 2403 bei
425 2370 464 2404 L.
492 2369 643 2412 beliebt,
671 2383 697 2404 z.
717 2369 755 2404 B.
787 2370 847 2413 40,
871 2374 924 2413 17,

182 2418 215 2459 1)
226 2417 267 2450 de
282 2427 323 2450 ea
336 2428 374 2450 re
386 2418 665 2451 consultandmn
677 2427 744 2451 esse
769 2416 925 2460 (Constr.

179 2463 250 2497 wie
279 2463 341 2506 10,
375 2467 435 2507 25,
472 2466 544 2507 11),
590 2464 649 2498 (116
688 2463 926 2508 Verkfi1·zung

180 2520 256 2544 eam
277 2521 303 2545 c.
331 2511 425 2545 statt
450 2512 492 2545 de
511 2522 553 2545 ea
580 2522 616 2544 re
637 2522 663 2545 e.
685 2510 734 2546 ist
753 2511 925 2553 stehend;

179 2557 253 2600 vgl.
282 2561 337 2599 28,
365 2561 396 2591 5.

227 2604 402 2649 reiecisse]
425 2604 544 2639 neben
559 2605 734 2648 deleyccsse
752 2606 792 2648 (s.
811 2604 846 2648 5,
868 2608 924 2648 20,

182 2651 217 2693 9)
244 2651 308 2685 der
343 2652 519 2685 stehende
547 2651 740 2686 Ausdruck
771 2651 829 2686 fiir
861 2651 926 2686 das

188 2697 462 2733 Ueberweisen.

229 2744 405 2789 ablatum]
442 2745 543 2779 ‘man
569 2745 681 2778 nahm
710 2745 779 2779 mit
803 2745 925 2779 davon

182 2791 374 2834 (zurx'ick)',
401 2791 470 2826 wie
498 2792 531 2834 1,
562 2794 618 2835 58,
645 2796 665 2826 8
699 2792 926 2836 Tarquinius

180 2837 251 2916 sithi
276 2838 489 2881 pestiferum
526 2839 610 2873 hinc
648 2839 798 2873 abstulit
834 2849 924 2883 qau-

208 2894 292 2918 111111.

1049 1576 1080 1606 8.
1120 1572 1214 1605 velut
1240 1571 1400 1616 morbus]
1429 1583 1454 1605 s.
1482 1583 1525 1605 zu
1554 1575 1586 1614 1,
1614 1575 1643 1606 7.

1041 1619 1163 1662 plebes
1188 1618 1254 1652 hat
1272 1618 1327 1652 als
1344 1617 1663 1662 Collectivbegriff
1679 1618 1745 1652 das

999 1665 1107 1700 Prad.
1123 1665 1175 1699 im
1188 1665 1346 1699 Pluralis
1359 1665 1421 1699 bei
1434 1665 1524 1707 sich,
1545 1665 1641 1699 noch
1661 1665 1747 1699 har-

999 1714 1056 1747 ter
1076 1713 1126 1746 ist
1144 1712 1178 1755 3,
1194 1716 1257 1754 38,
1278 1716 1320 1746 11
1341 1713 1426 1746 haec
1444 1712 1604 1754 fremunt
1610 1712 1744 1756 plebes.

1047 1760 1095 1794 ad
1125 1759 1167 1794 P.
1201 1770 1274 1793 rem
1305 1759 1475 1804 traheret]
1517 1759 1582 1794 der
1614 1759 1746 1793 Ausdr.

998 1806 1109 1841 kehrt
1132 1806 1268 1840 wieder
1294 1809 1350 1847 28,
1377 1809 1399 1839 4
1424 1807 1457 1840 si
1483 1807 1551 1840 aziz·
1576 1807 1650 1840 alio
1671 1810 1746 1841 tra-

997 1854 1087 1888 hant
1098 1864 1170 1887 rem
1180 1853 1345 1897 (ahnlich
1358 1856 1413 1896 45,
1425 1857 1444 1886 2
1458 1854 1506 1887 ad
1517 1854 1749 1895 defectionem

998 1901 1150 1943 trahere)
1184 1900 1259 1934 und
1287 1900 1336 1935 ist
1361 1900 1455 1934 auch
1482 1903 1584 1935 sonst
1608 1900 1746 1945 haufig.

1046 1952 1078 1981 9.
1117 1948 1158 1981 in,
1183 1951 1287 1981 vasta
1314 1948 1413 1992 urbe]
1441 1947 1511 1981 wie
1531 1951 1588 1991 33,
1611 1951 1630 1982 9
1652 1958 1745 1992 ganz

999 1994 1150 2029 'ahnlich
1171 1993 1332 2038 Syrakus
1354 1994 1434 2029 eine
1454 1997 1559 2029 vasta
1578 1995 1743 2029 disiecta-

998 2053 1064 2086 que
1077 2042 1196 2085 spatio
1212 2042 1298 2076 urbs
1311 2043 1476 2085 genannt
1490 2041 1594 2083 wird;
1623 2041 1662 2075 in
1680 2052 1745 2076 an—

999 2089 1124 2123 derem
1140 2088 1250 2123 Sinne
1273 2093 1305 2131 3,
1328 2092 1347 2122 2
1369 2089 1530 2122 vastitas.
1552 2088 1750 2122 Zubeach-

997 2137 1061 2170 ten
1074 2135 1124 2169 ist
1138 2135 1196 2169 die
1214 2134 1478 2169 Coordination
1494 2135 1558 2169 des
1576 2134 1660 2179 Adj.
1678 2134 1749 2169 mit

998 2182 1082 2216 dem
1114 2182 1195 2216 Abl.
1231 2181 1439 2224 absolutus,
1474 2181 1513 2215 in
1554 2181 1746 2216 letzterem

997 2229 1056 2263 die
1086 2228 1374 2272 WortstelIung,
1402 2229 1471 2262 late
1506 2228 1597 2262 wird
1642 2232 1683 2272 3,
1728 2232 1746 2262 1

997 2275 1112 2309 n'aher
1139 2275 1330 2309 erlautert.

1047 2322 1171 2367 raras]
1198 2322 1311 2356 theils
1343 2332 1471 2366 wegen
1504 2321 1568 2356 der
1594 2333 1747 2366 grossen

1001 2369 1254 2412 Ausdehnung
1279 2369 1343 2403 der
1371 2368 1496 2410 Stadt,
1521 2368 1634 2403 theils
1660 2368 1746 2403 weil

1001 2415 1059 2450 die
1085 2415 1393 2450 Einwohnerzahl
1424 2428 1493 2449 nur
1521 2415 1652 2460 gering
1676 2415 1740 2458 ist3

999 2462 1065 2505 23,
1099 2466 1160 2505 30,
1201 2466 1220 2497 6
1247 2463 1351 2506 giebt
1375 2463 1415 2497 L.
1451 2462 1502 2497 sie
1528 2462 1594 2497 auf
1621 2463 1743 2497 minus

999 2510 1070 2544 dno
1096 2509 1200 2544 milia
1226 2510 1358 2544 civium
1383 2521 1441 2544 an.

1049 2561 1101 2590 10.
1141 2567 1274 2591 corona
1314 2556 1523 2602 cinxerunt]
1570 2556 1644 2601 vgl.
1683 2555 1745 2599 23,

1000 2607 1056 2646 44,
1083 2608 1102 2637 3
1136 2614 1269 2638 corona
1302 2604 1477 2647 oppidum
1508 2603 1744 2637 circumdedit

1001 2650 1234 2695 (Hannibal),
1264 2650 1324 2692 37,
1342 2654 1430 2694 4,10
1452 2660 1584 2684 corona
1604 2650 1745 2684 moenia

999 2700 1049 2731 est
1068 2698 1277 2741 adqressus;
1304 2696 1365 2740 43,
1395 2699 1449 2740 18,
1473 2700 1493 2730 7
1514 2707 1648 2731 corona
1667 2707 1746 2731 eam

1000 2745 1149 2787 (urbem)
1175 2755 1301 2788 capere
1326 2747 1477 2778 conatus
1502 2746 1561 2777 cst.

1050 2795 1100 2825 11.
1142 2791 1339 2835 tamqnam]
1370 2790 1446 2824 und
1470 2790 1566 2824 velut
1592 2790 1687 2825 ohne
1712 2791 1747 2825 εἰ

998 2838 1120 2872 finden
1147 2837 1226 2872 sich
1250 2837 1312 2871 bei
1330 2837 1372 2873 L.
1398 2837 1482 2872 sehr
1500 2837 1643 2882 haufig;
1668 2837 1744 2882 vgl.

1000 2888 1031 2927 5,
1059 2888 1090 2918 2.
1120 2888 1151 2928 7,
1179 2888 1210 2918 5.
1369 2891 1376 2894 “
