1882 3163
200 113 258 152 44
692 111 837 146 LIBER
862 111 974 146 xxv.
1016 110 1117 146 CAP.
1147 115 1200 146 19.
1229 115 1284 147 20.
1553 128 1579 146 a.
1602 128 1632 146 u.
1655 128 1678 147 0.
1700 121 1763 148 542.

200 209 287 250 turi
328 205 564 262 dedecoris,
603 208 639 249 si
679 222 756 249 sua
792 208 1035 249 temeritate
1072 210 1316 249 contractae
1361 206 1471 248 cladi
1514 212 1765 262 superesset,

203 267 420 308 obiectans
454 281 497 308 se
529 267 719 308 hostium
750 266 848 308 telis
881 266 1048 321 cecidit,
1084 266 1182 308 fusa
1219 266 1432 319 extemplo
1475 270 1539 307 est
1569 266 1766 309 Romana

132 337 174 368 17
203 327 326 367 acies.
384 326 457 367 sed
490 325 595 367 adeo
627 340 681 366 ne
712 325 841 380 fugae
874 325 1046 380 quidem
1077 326 1160 366 iter
1192 325 1333 379 patuit
1365 326 1564 366 omnibus
1595 326 1678 367 viis
1711 327 1764 368 ab

202 385 343 438 equite
381 385 579 439 insessis,
620 388 668 425 ut
709 399 760 426 ex
797 387 920 426 tanta
958 385 1231 426 multitudine
1272 385 1342 425 vix
1384 384 1500 425 mille
1541 385 1767 436 evaserint,

203 444 332 484 ceteri
358 444 521 498 passim
555 443 630 485 alii
664 444 748 485 alia
779 446 900 498 peste
934 444 1150 497 absumpti
1183 443 1280 484 sint.

131 502 188 543 20
322 501 471 556 Capua
503 517 527 543 a
559 503 807 544 consulibus
839 503 993 543 iterum
1020 517 1187 543 summa
1218 502 1261 543 vi
1293 502 1478 543 obsideri
1504 505 1656 556 coepta
1689 506 1767 558 est,

203 576 395 616 quaeque
427 562 473 602 in
506 576 600 603 eam
631 576 722 603 rem
755 576 863 616 opus
896 564 1031 615 erant,
1064 561 1448 615 comportabantur
1480 562 1768 615 parabantur-

155 630 174 660 2
204 635 297 674 que.
366 619 605 662 Casilinum
643 620 906 662 frumentum
945 622 1217 674 convectum3
1262 620 1314 660 ad
1352 619 1554 661 Volturni
1599 621 1768 675 ostium,

202 679 276 720 ubi
307 694 420 721 nunc
452 680 554 721 urbs
587 682 669 733 est,
701 680 924 721 castellum
957 679 1265 721 communitum
1296 680 1343 720 in
1374 692 1492 731 eoque
1526 682 1563 720 et
1586 679 1768 722 Puteolis

206 762 256 767 —-
290 739 336 780 id
365 740 558 792 oppidum
598 741 698 780 ante
730 738 890 779 Fabius
922 738 1135 779 Maximus
1174 738 1387 779 munierat
1421 762 1470 767 —
1506 738 1769 792 praesidium

202 797 470 852 impositum,
508 801 555 838 ut
593 812 708 839 mare
746 797 990 851 proximum
1031 800 1073 837 et
1110 797 1268 837 flumen
1310 797 1355 837 in
1387 799 1601 850 potestate
1633 801 1769 840 essent.

156 865 175 896 3
204 856 250 896 in
276 871 326 897 ea
351 857 433 898 duo
460 857 678 898 maritima
705 856 883 897 castella
908 855 1183 909 frumentum,
1210 856 1321 910 quod
1348 870 1398 896 ex
1420 854 1616 897 Sardinia
1633 871 1771 911 nuper

202 915 382 956 missum
414 919 516 969 erat,
549 915 744 970 quodque
776 913 832 955 M.
864 914 1012 955 Iunius
1044 917 1217 968 praetor
1250 928 1300 955 ex
1332 914 1509 956 Etruria
1541 919 1767 969 coemerat,

205 974 259 1016 ab
293 974 414 1016 Ostia
447 977 699 1016 convectum
731 976 813 1026 est,
846 976 893 1014 ut
925 973 1129 1014 exercitui
1166 987 1242 1026 per
1273 973 1459 1015 hiemem
1491 974 1614 1027 copia
1645 977 1769 1016 esset.

157 1042 178 1071 4
205 1036 391 1074 ceterum
427 1048 554 1088 super
586 1048 679 1074 eam
713 1033 889 1086 cladem,
922 1046 1030 1086 quae
1061 1032 1107 1072 in
1138 1031 1324 1073 Lucanis
1357 1036 1532 1086 accepta
1564 1036 1668 1087 erat,
1699 1048 1768 1076 vo-

204 1092 351 1134 lonum
379 1107 545 1146 quoque
574 1092 795 1146 exereitus,
822 1092 895 1147 qui
920 1091 1019 1133 vivo
1040 1090 1234 1132 Graccho
1256 1105 1423 1132 summa
1447 1091 1529 1132 fide
1557 1092 1772 1146 stipendia

205 1151 378 1202 fecerat,
409 1152 528 1192 velut
560 1153 863 1192 exauctoratus
896 1152 1033 1192 morte
1065 1150 1182 1191 ducis
1216 1150 1269 1191 ab
1298 1150 1433 1205 signis
1467 1150 1672 1192 discessit.

159 1218 178 1248 5
323 1210 543 1251 Hannibal
575 1225 664 1252 non
697 1208 889 1264 Capuam
927 1209 1167 1264 neglectam
1205 1223 1342 1264 neque
1382 1209 1426 1250 in
1462 1211 1586 1251 tanto
1626 1209 1770 1251 discri-

205 1269 319 1310 mine
352 1269 543 1311 desertos
575 1270 749 1311 volebat
775 1269 930 1323 socios3
967 1268 1039 1309 sed
1065 1282 1270 1322 prospero
1300 1283 1350 1309 ex
1375 1268 1617 1309 temeritate
1643 1269 1770 1310 unius

205 1327 390 1369 Romani
429 1329 547 1369 ducis
591 1343 788 1370 successu
826 1328 871 1368 in
914 1327 1090 1369 alterius
1132 1326 1250 1368 ducis
1293 1327 1586 1382 exercitusque
1630 1328 1772 1382 oppri-

159 1395 179 1424 6
206 1387 348 1429 mendi
381 1388 651 1429 occasionem
689 1387 957 1428 imminebat.
1019 1384 1095 1428 Cn.
1127 1385 1326 1427 Fulvium
1363 1389 1607 1440 praetorem
1639 1387 1773 1440 Apuli

205 1447 341 1501 legati
371 1447 630 1487 nuntiabant
661 1447 816 1500 primo,
848 1446 949 1487 dum
980 1445 1108 1486 urbes
1142 1445 1348 1499 quasdam
1381 1445 1632 1499 Apulorum,
1663 1460 1772 1500 quae

208 1505 261 1546 ad
292 1504 583 1547 Hannibalem
616 1505 906 1558 descivissent,
939 1505 1220 1559 oppugnaret,
1252 1504 1460 1545 intentius
1492 1518 1583 1545 rem
1615 1505 1771 1559 egisse3

206 1567 357 1618 postea
389 1565 522 1605 nimio
557 1579 754 1605 successu
786 1567 829 1606 et
860 1564 1002 1617 ipsum
1040 1568 1083 1604 et
1120 1563 1276 1603 milites
1308 1563 1696 1617 praedassimpletos
1727 1563 1773 1604 in

206 1625 375 1664 tantam
407 1624 627 1664 licentiam
662 1623 985 1677 socordiamque
1017 1622 1186 1674 effusos,
1218 1625 1266 1662 ut
1295 1622 1415 1663 nulla
1441 1621 1668 1675 disciplina
1694 1622 1771 1663 mi-

258 1742 310 1772 17.
339 1739 407 1773 alii
423 1740 499 1773 alia
514 1739 626 1784 peste]
648 1738 952 1783 niedergeritten,

207 1785 435 1830 verhungert
460 1798 494 1820 u.
522 1797 553 1821 a.
580 1798 627 1820 m.

256 1833 322 1875 20,
360 1838 485 1867 1—4.
560 1832 953 1866 Vorsichtsmass-

208 1880 367 1924 regeln
395 1880 474 1914 der
498 1880 668 1914 Romer.
717 1880 781 1921 20,
810 1879 953 1914 5-21.

208 1926 489 1972 Niederlage
526 1928 602 1961 des
634 1927 848 1961 Praetors
883 1925 951 1960 Cn.

209 1974 397 2008 Fulvius
425 1974 626 2008 Flaccus.

258 2021 318 2063 20,
328 2026 347 2055 2
353 2022 472 2067 nabe]
486 2020 952 2055 mitNamenVolturnum.

260 2070 296 2101 in
318 2080 355 2102 eo
369 2070 596 2112 1)i·.((es·idzam
616 2068 838 2113 zmpositam]
860 2068 955 2101 auch

210 2126 389 2158 imponere
407 2115 477 2149 nnt
495 2115 609 2149 Dativ
629 2128 660 2148 is
655 2117 680 2149 t
699 2115 784 2149 deni
799 2114 955 2159 Sprach-

211 2162 399 2206 gebiauch
444 2163 508 2196 des
546 2161 625 2196 Liv.
666 2161 954 2206 entsprechend3

212 2208 309 2242 doch
341 2208 406 2251 29,
437 2212 496 2251 18,
523 2213 544 2243 4
570 2210 733 2253 pecunia
763 2210 805 2243 in
835 2219 956 2243 naves

212 2257 391 2299 imposita.
443 2255 587 2289 Anders
619 2255 670 2288 ist
704 2257 741 2289 in
767 2256 956 2299 praesidio

214 2304 351 2347 imponi
371 2319 414 2331 =
439 2301 521 2336 ‘auf
535 2302 673 2336 Posten
693 2301 847 2346 gestellt
866 2313 955 2335 wer-

213 2349 312 2383 (len'.

260 2398 299 2430 in
321 2401 496 2440 potestate
514 2397 641 2442 essent]
669 2407 770 2430 wozu
792 2395 870 2429 sich
892 2395 956 2429 der

213 2443 303 2477 Gen.
331 2444 579 2479 Romanorum
605 2454 670 2477 aus
698 2443 782 2477 dem
810 2443 956 2476 Zusam—

213 2491 400 2535 menhang
426 2490 587 2535 ergiebt3
615 2502 654 2524 so
682 2490 747 2532 oft,
774 2502 801 2524 z,
828 2489 868 2523 B.
896 2489 956 2531 35,

213 2542 269 2579 42,
291 2542 311 2571 4
336 2538 603 2572 Demetriadem
627 2538 811 2580 adferebat
837 2538 877 2571 in
891 2548 957 2581 po-

213 2589 337 2619 tes-tate
363 2596 444 2627 esse,
470 2584 633 2618 namlich
659 2596 736 2619 sua.

261 2637 292 2665 4.
325 2643 431 2676 saper
456 2643 533 2666 eam
559 2632 710 2676 cladem]
741 2648 785 2660 =
811 2635 958 2674 praeter

214 2690 239 2711 e.
268 2680 323 2720 cl„
350 2678 420 2712 wie
440 2678 501 2712 bei
521 2678 600 2712 Liv.
620 2690 727 2722 super
746 2677 957 2721 uberhaupt

214 2725 319 2759 nicht
339 2726 458 2759 selten
478 2736 526 2758 an
546 2725 605 2759 die
627 2724 743 2759 Stelle
764 2735 837 2758 von
851 2736 958 2768 prae—

215 2776 266 2805 ter
291 2772 391 2813 tritt,
419 2785 446 2806 z.
468 2771 508 2806 B.
536 2772 596 2813 222,
618 2776 650 2813 3,
674 2777 716 2805 14
742 2783 959 2815 superquam

215 2820 308 2861 quod
334 2836 378 2847 =
399 2823 650 2862 praeterquam
678 2831 709 2862 q.
760 2818 826 2860 22,
854 2823 886 2860 6,
916 2823 955 2851 11

215 2875 321 2907 super
347 2870 458 2899 cetera
486 2882 529 2894 =
551 2870 696 2910 praeter
722 2869 844 2899 cetera.

1077 1737 1256 1782 volonum]
1296 1747 1382 1771 vom
1415 1736 1522 1770 Staat
1552 1736 1772 1771 bewaffnete

1029 1783 1210 1825 Sklaven,
1258 1784 1399 1817 welche
1445 1783 1523 1817 sich
1567 1784 1664 1818 nach
1707 1784 1773 1818 der

1029 1831 1207 1865 Schlacht
1255 1830 1317 1864 bei
1368 1829 1515 1864 Cannae
1572 1830 1639 1864 auf
1682 1830 1772 1865 Ver-

1027 1878 1207 1922 heissung
1232 1878 1298 1912 der
1322 1877 1490 1912 Freiheit
1517 1889 1600 1911 zum
1624 1877 1772 1923 Kriegs-

1029 1925 1153 1959 dienst
1189 1924 1342 1970 gestellt
1380 1926 1521 1959 hatten.
1585 1924 1772 1959 Gracchus

1028 1973 1133 2006 hatte
1171 1972 1241 2006 mit
1277 1972 1391 2006 ihnen
1423 1977 1491 2006 214
1522 1984 1556 2006 v.
1591 1971 1672 2006 Chr.
1712 1972 1773 2006 die

1030 2019 1208 2053 Schlacht
1243 2019 1306 2053 bei
1337 2019 1530 2053 Benevent
1566 2030 1773 2064 gewonnen

1029 2066 1104 2100 und
1130 2066 1323 2100 dieselben
1348 2065 1407 2100 ffir
1432 2065 1500 2100 frei
1528 2066 1677 2100 erklart.

1076 2113 1354 2159 exauctoratus]
1407 2113 1471 2147 (les
1516 2113 1772 2147 Fahneneides

1030 2160 1255 2202 entbunden,
1274 2160 1605 2201 ‘verabschiedet'3
1621 2160 1695 2204 vgl.
1711 2159 1773 2204 41,

1030 2212 1067 2247 ὃ,
1103 2212 1142 2241 11
1177 2209 1420 2249 exauctorati,
1456 2208 1519 2251 qui
1549 2212 1773 2242 sacramento

1029 2255 1053 2288 d
1058 2255 1209 2288 ioeerant.
1245 2253 1302 2287 Da
1316 2253 1376 2287 die
1391 2255 1532 2288 volones
1553 2253 1633 2287 sich
1648 2253 1772 2298 eigen-

1028 2300 1197 2345 machtig
1222 2300 1321 2334 ihrer
1339 2300 1673 2345 Verpflichtungen
1695 2302 1773 2335 ent-

1029 2347 1198 2392 ledigen,
1238 2359 1277 2382 so
1309 2348 1467 2381 maehen
1498 2347 1551 2382 sie
1591 2347 1671 2382 sich
1709 2348 1775 2382 der

1030 2394 1228 2428 Desertion
1255 2394 1444 2439 schuklig,
1473 2407 1498 2429 s.
1527 2399 1583 2437 22,
1610 2399 1642 2429 3.

1085 2446 1116 2476 5.
1173 2443 1214 2476 in
1269 2443 1488 2477 occasionem
1536 2442 1771 2487 imminebat]

1034 2489 1190 2523 ‘lauerte
1211 2488 1278 2522 auf
1288 2517 1294 2523 .
1311 2490 1348 2531 .',
1369 2489 1409 2523 in
1428 2488 1550 2523 dieser
1568 2488 1656 2522 Bed.
1678 2488 1774 2522 auch

1030 2536 1100 2569 mit
1137 2536 1222 2570 dem
1260 2535 1343 2570 Dat.
1385 2535 1623 2578 construiert,
1662 2547 1690 2569 Z.
1728 2534 1770 2569 Β.

1032 2583 1072 2625 S,
1112 2587 1174 2626 22,
1216 2587 1258 2617 10
1313 2584 1415 2626 s'ama
1463 2587 1540 2617 erat
1582 2583 1773 2625 defectioni

1034 2629 1301 2674 Campanorimi
1326 2631 1540 2664 ‘inminentes
1566 2630 1772 2663 admoturos

1032 2681 1162 2711 eastra.

1080 2728 1111 2758 6.
1135 2725 1278 2768 praeda
1303 2723 1479 2768 impletos]
1507 2722 1580 2767 vgl.
1610 2722 1642 2764 7,
1671 2727 1725 2765 16,
1751 2726 1772 2756 3

1033 2772 1179 2805 militem
1197 2771 1341 2814 praeda
1367 2771 1522 2814 inplevit.

1080 2819 1121 2851 in
1147 2818 1330 2851 licentiam
1355 2816 1498 2861 effusos]
1530 2816 1661 2850 hatten
1694 2815 1773 2849 sich

1033 2864 1135 2897 einer
1148 2863 1361 2908 ziigellosen
1371 2862 1683 2907 Ausschweifung
1692 2862 1773 2896 hin-
