<?xml version="1.0" encoding="UTF-8"?>
<!DOCTYPE html PUBLIC "-//W3C//DTD XHTML 1.0 Transitional//EN"
    "http://www.w3.org/TR/xhtml1/DTD/xhtml1-transitional.dtd">
<html xmlns="http://www.w3.org/1999/xhtml" xml:lang="en" lang="en">
 <head>
  <title>
</title>
<meta http-equiv="Content-Type" content="text/html;charset=utf-8" />
  <meta name='ocr-system' content='tesseract 3.04.00' />
  <meta name='ocr-capabilities' content='ocr_page ocr_carea ocr_par ocr_line ocrx_word'/>
</head>
<body>
  <div class='ocr_page' id='page_1' title='image "./aburbeconditalib21livyuoft/aburbeconditalib21livyuoft_0030.png"; bbox 0 0 1882 3163; ppageno 0'>
   <div class='ocr_carea' id='block_1_1' title="bbox 239 142 1245 183">
    <p class='ocr_par' dir='ltr' id='par_1_1' title="bbox 239 142 1245 183">
     <span class='ocr_line' id='line_1_1' title="bbox 239 142 1245 183; baseline 0.006 -10"><span class='ocrx_word' id='word_1_1' title='bbox 239 144 291 183; x_wconf 72' lang='lat'>12</span> <span class='ocrx_word' id='word_1_2' title='bbox 765 143 910 175; x_wconf 70' lang='lat' dir='ltr'>menn</span> <span class='ocrx_word' id='word_1_3' title='bbox 936 143 1032 178; x_wconf 69' lang='lat' dir='ltr'>xxi.</span> <span class='ocrx_word' id='word_1_4' title='bbox 1083 142 1185 179; x_wconf 71' lang='lat' dir='ltr'>CAP.</span> <span class='ocrx_word' id='word_1_5' title='bbox 1213 149 1245 178; x_wconf 86' lang='lat'>5.</span> 
     </span>
    </p>
   </div>
   <div class='ocr_carea' id='block_1_2' title="bbox 234 248 1792 364">
    <p class='ocr_par' dir='ltr' id='par_1_2' title="bbox 234 248 1792 364">
     <span class='ocr_line' id='line_1_2' title="bbox 234 248 1792 306; baseline 0.001 -17"><span class='ocrx_word' id='word_1_6' title='bbox 234 248 408 303; x_wconf 82' lang='lat' dir='ltr'>positis,</span> <span class='ocrx_word' id='word_1_7' title='bbox 435 264 529 290; x_wconf 88' lang='lat' dir='ltr'>cum</span> <span class='ocrx_word' id='word_1_8' title='bbox 552 249 691 303; x_wconf 85' lang='lat' dir='ltr'>prima</span> <span class='ocrx_word' id='word_1_9' title='bbox 718 251 837 304; x_wconf 88' lang='lat' dir='ltr'>quies</span> <span class='ocrx_word' id='word_1_10' title='bbox 860 250 1163 306; x_wconf 89' lang='lat' dir='ltr'>silentiumque</span> <span class='ocrx_word' id='word_1_11' title='bbox 1191 252 1243 293; x_wconf 86' lang='lat' dir='ltr'>ab</span> <span class='ocrx_word' id='word_1_12' title='bbox 1270 251 1468 292; x_wconf 73' lang='lat' dir='ltr'><strong>hostibus</strong></span> <span class='ocrx_word' id='word_1_13' title='bbox 1494 251 1594 305; x_wconf 84' lang='lat' dir='ltr'>fuit,</span> <span class='ocrx_word' id='word_1_14' title='bbox 1622 265 1792 292; x_wconf 87' lang='lat' dir='ltr'>amnem</span> 
     </span>
     <span class='ocr_line' id='line_1_3' title="bbox 235 307 1791 364; baseline 0.001 -16"><span class='ocrx_word' id='word_1_15' title='bbox 235 307 344 348; x_wconf 84' lang='lat' dir='ltr'>vado</span> <span class='ocrx_word' id='word_1_16' title='bbox 371 308 555 362; x_wconf 85' lang='lat' dir='ltr'>traiecit,</span> <span class='ocrx_word' id='word_1_17' title='bbox 587 308 787 364; x_wconf 86' lang='lat' dir='ltr'>valloque</span> <span class='ocrx_word' id='word_1_18' title='bbox 819 310 881 350; x_wconf 86' lang='lat' dir='ltr'>ita</span> <span class='ocrx_word' id='word_1_19' title='bbox 906 310 1132 364; x_wconf 85' lang='lat' dir='ltr'>producto,</span> <span class='ocrx_word' id='word_1_20' title='bbox 1160 316 1206 351; x_wconf 88' lang='lat' dir='ltr'>ut</span> <span class='ocrx_word' id='word_1_21' title='bbox 1231 310 1372 351; x_wconf 89' lang='lat' dir='ltr'>locum</span> <span class='ocrx_word' id='word_1_22' title='bbox 1393 310 1446 351; x_wconf 87' lang='lat' dir='ltr'>ad</span> <span class='ocrx_word' id='word_1_23' title='bbox 1473 309 1791 363; x_wconf 83' lang='lat' dir='ltr'>transgredien-</span> 
     </span>
    </p>
   </div>
   <div class='ocr_carea' id='block_1_3' title="bbox 173 366 1793 422">
    <p class='ocr_par' dir='ltr' id='par_1_3' title="bbox 173 366 1793 422">
     <span class='ocr_line' id='line_1_4' title="bbox 173 366 1793 422; baseline 0.002 -18"><span class='ocrx_word' id='word_1_24' title='bbox 173 374 215 404; x_wconf 93' lang='lat'>10</span> <span class='ocrx_word' id='word_1_25' title='bbox 235 366 335 406; x_wconf 87' lang='lat' dir='ltr'>dum</span> <span class='ocrx_word' id='word_1_26' title='bbox 356 366 504 407; x_wconf 85' lang='lat' dir='ltr'>hostes</span> <span class='ocrx_word' id='word_1_27' title='bbox 524 367 751 421; x_wconf 82' lang='lat' dir='ltr'>haberent,</span> <span class='ocrx_word' id='word_1_28' title='bbox 769 368 970 410; x_wconf 84' lang='lat' dir='ltr'>invadere</span> <span class='ocrx_word' id='word_1_29' title='bbox 992 383 1063 409; x_wconf 89' lang='lat' dir='ltr'>eos</span> <span class='ocrx_word' id='word_1_30' title='bbox 1084 372 1357 410; x_wconf 85' lang='lat' dir='ltr'>transeuntes</span> <span class='ocrx_word' id='word_1_31' title='bbox 1378 368 1544 410; x_wconf 85' lang='lat' dir='ltr'>statuit.</span> <span class='ocrx_word' id='word_1_32' title='bbox 1576 368 1793 422; x_wconf 79' lang='lat' dir='ltr'>equitibus</span> 
     </span>
    </p>
   </div>
   <div class='ocr_carea' id='block_1_4' title="bbox 235 425 1794 541">
    <p class='ocr_par' dir='ltr' id='par_1_4' title="bbox 235 425 1794 541">
     <span class='ocr_line' id='line_1_5' title="bbox 235 425 1794 482; baseline 0.001 -17"><span class='ocrx_word' id='word_1_33' title='bbox 235 425 471 479; x_wconf 81' lang='lat' dir='ltr'>praecepit,</span> <span class='ocrx_word' id='word_1_34' title='bbox 505 429 571 480; x_wconf 88' lang='lat' dir='ltr'>ut,</span> <span class='ocrx_word' id='word_1_35' title='bbox 604 440 698 467; x_wconf 83' lang='lat' dir='ltr'>cum</span> <span class='ocrx_word' id='word_1_36' title='bbox 726 427 945 481; x_wconf 80' lang='lat' dir='ltr'>ingressos</span> <span class='ocrx_word' id='word_1_37' title='bbox 967 428 1356 482; x_wconf 84' lang='lat' dir='ltr'>aquam-viderent,</span> <span class='ocrx_word' id='word_1_38' title='bbox 1384 428 1656 469; x_wconf 86' lang='lat' dir='ltr'>adorirentur</span> <span class='ocrx_word' id='word_1_39' title='bbox 1675 428 1794 482; x_wconf 71' lang='lat' dir='ltr'>inpe-</span> 
     </span>
     <span class='ocr_line' id='line_1_6' title="bbox 236 484 1793 541; baseline 0.002 -17"><span class='ocrx_word' id='word_1_40' title='bbox 236 484 373 525; x_wconf 85' lang='lat' dir='ltr'>ditum</span> <span class='ocrx_word' id='word_1_41' title='bbox 401 497 574 539; x_wconf 80' lang='lat' dir='ltr'>agmen,</span> <span class='ocrx_word' id='word_1_42' title='bbox 612 485 655 525; x_wconf 88' lang='lat' dir='ltr'>in</span> <span class='ocrx_word' id='word_1_43' title='bbox 689 485 783 539; x_wconf 88' lang='lat' dir='ltr'>ripa</span> <span class='ocrx_word' id='word_1_44' title='bbox 816 486 1069 540; x_wconf 79' lang='lat' dir='ltr'>elephantos</span> <span class='ocrx_word' id='word_1_45' title='bbox 1098 511 1151 516; x_wconf 91' lang='lat'>—</span> <span class='ocrx_word' id='word_1_46' title='bbox 1179 486 1468 541; x_wconf 77' lang='lat' dir='ltr'>quadraginta</span> <span class='ocrx_word' id='word_1_47' title='bbox 1499 489 1644 527; x_wconf 87' lang='lat' dir='ltr'>autem</span> <span class='ocrx_word' id='word_1_48' title='bbox 1671 489 1793 527; x_wconf 82' lang='lat' dir='ltr'>erant</span> 
     </span>
    </p>
   </div>
   <div class='ocr_carea' id='block_1_5' title="bbox 172 543 1793 598">
    <p class='ocr_par' dir='ltr' id='par_1_5' title="bbox 172 543 1793 598">
     <span class='ocr_line' id='line_1_7' title="bbox 172 543 1793 598; baseline 0.004 -18"><span class='ocrx_word' id='word_1_49' title='bbox 172 550 213 580; x_wconf 88' lang='lat'>11</span> <span class='ocrx_word' id='word_1_50' title='bbox 238 567 292 571; x_wconf 87' lang='lat'>-</span> <span class='ocrx_word' id='word_1_51' title='bbox 309 543 512 598; x_wconf 87' lang='lat' dir='ltr'>disponit.</span> <span class='ocrx_word' id='word_1_52' title='bbox 546 543 889 597; x_wconf 84' lang='lat' dir='ltr'>Carpetanorum</span> <span class='ocrx_word' id='word_1_53' title='bbox 916 559 1012 586; x_wconf 90' lang='lat' dir='ltr'>cum</span> <span class='ocrx_word' id='word_1_54' title='bbox 1038 545 1343 598; x_wconf 80' lang='lat' dir='ltr'>adpendicibus</span> <span class='ocrx_word' id='word_1_55' title='bbox 1371 545 1576 586; x_wconf 83' lang='lat' dir='ltr'>Olcadum</span> <span class='ocrx_word' id='word_1_56' title='bbox 1606 544 1793 586; x_wconf 88' lang='lat' dir='ltr'>Vaccae-</span> 
     </span>
    </p>
   </div>
   <div class='ocr_carea' id='block_1_6' title="bbox 236 603 1797 658">
    <p class='ocr_par' dir='ltr' id='par_1_6' title="bbox 236 603 1797 658">
     <span class='ocr_line' id='line_1_8' title="bbox 236 603 1797 658; baseline 0.001 -16"><span class='ocrx_word' id='word_1_57' title='bbox 236 616 442 656; x_wconf 86' lang='lat' dir='ltr'>orumque</span> <span class='ocrx_word' id='word_1_58' title='bbox 469 605 639 644; x_wconf 88' lang='lat' dir='ltr'>centum</span> <span class='ocrx_word' id='word_1_59' title='bbox 668 603 789 644; x_wconf 85' lang='lat' dir='ltr'>milia</span> <span class='ocrx_word' id='word_1_60' title='bbox 809 603 941 657; x_wconf 85' lang='lat' dir='ltr'>fuere,</span> <span class='ocrx_word' id='word_1_61' title='bbox 967 603 1128 644; x_wconf 86' lang='lat' dir='ltr'>invicta</span> <span class='ocrx_word' id='word_1_62' title='bbox 1149 605 1280 657; x_wconf 86' lang='lat' dir='ltr'>acies,</span> <span class='ocrx_word' id='word_1_63' title='bbox 1308 604 1345 644; x_wconf 90' lang='lat' dir='ltr'>si</span> <span class='ocrx_word' id='word_1_64' title='bbox 1362 618 1498 658; x_wconf 88' lang='lat' dir='ltr'>aequo</span> <span class='ocrx_word' id='word_1_65' title='bbox 1515 604 1797 645; x_wconf 71' lang='lat' dir='ltr'>dimicaretur</span> 
     </span>
    </p>
   </div>
   <div class='ocr_carea' id='block_1_7' title="bbox 174 661 1794 717">
    <p class='ocr_par' dir='ltr' id='par_1_7' title="bbox 174 661 1794 717">
     <span class='ocr_line' id='line_1_9' title="bbox 174 661 1794 717; baseline 0.002 -17"><span class='ocrx_word' id='word_1_66' title='bbox 174 668 215 698; x_wconf 75' lang='grc'>12</span> <span class='ocrx_word' id='word_1_67' title='bbox 239 675 402 715; x_wconf 88' lang='lat' dir='ltr'>campo.</span> <span class='ocrx_word' id='word_1_68' title='bbox 451 661 596 716; x_wconf 84' lang='lat' dir='ltr'>itaque</span> <span class='ocrx_word' id='word_1_69' title='bbox 630 664 673 702; x_wconf 91' lang='lat' dir='ltr'>et</span> <span class='ocrx_word' id='word_1_70' title='bbox 703 662 877 716; x_wconf 79' lang='lat' dir='ltr'>ingenio</span> <span class='ocrx_word' id='word_1_71' title='bbox 909 662 1069 703; x_wconf 82' lang='lat' dir='ltr'>feroces</span> <span class='ocrx_word' id='word_1_72' title='bbox 1099 665 1140 703; x_wconf 88' lang='lat' dir='ltr'>et</span> <span class='ocrx_word' id='word_1_73' title='bbox 1167 662 1444 704; x_wconf 76' lang='lat' dir='ltr'>multitudine</span> <span class='ocrx_word' id='word_1_74' title='bbox 1469 662 1571 704; x_wconf 82' lang='lat' dir='ltr'>freti</span> <span class='ocrx_word' id='word_1_75' title='bbox 1599 665 1653 717; x_wconf 83' lang='lat' dir='ltr'>et,</span> <span class='ocrx_word' id='word_1_76' title='bbox 1680 663 1794 717; x_wconf 91' lang='lat' dir='ltr'>quod</span> 
     </span>
    </p>
   </div>
   <div class='ocr_carea' id='block_1_8' title="bbox 235 720 1797 835">
    <p class='ocr_par' dir='ltr' id='par_1_8' title="bbox 235 720 1797 835">
     <span class='ocr_line' id='line_1_10' title="bbox 235 720 1793 776; baseline 0.001 -16"><span class='ocrx_word' id='word_1_77' title='bbox 235 723 353 760; x_wconf 85' lang='lat' dir='ltr'>metu</span> <span class='ocrx_word' id='word_1_78' title='bbox 381 720 558 762; x_wconf 76' lang='lat' dir='ltr'>cessisse</span> <span class='ocrx_word' id='word_1_79' title='bbox 580 721 810 761; x_wconf 83' lang='lat' dir='ltr'>credebaut</span> <span class='ocrx_word' id='word_1_80' title='bbox 835 721 1022 774; x_wconf 86' lang='lat' dir='ltr'>hostem,</span> <span class='ocrx_word' id='word_1_81' title='bbox 1048 721 1091 761; x_wconf 85' lang='lat' dir='ltr'>id</span> <span class='ocrx_word' id='word_1_82' title='bbox 1118 722 1277 762; x_wconf 89' lang='lat' dir='ltr'>morari</span> <span class='ocrx_word' id='word_1_83' title='bbox 1302 722 1525 763; x_wconf 84' lang='lat' dir='ltr'>victoriam</span> <span class='ocrx_word' id='word_1_84' title='bbox 1550 722 1651 775; x_wconf 84' lang='lat' dir='ltr'>rati,</span> <span class='ocrx_word' id='word_1_85' title='bbox 1679 721 1793 776; x_wconf 88' lang='lat' dir='ltr'>quod</span> 
     </span>
     <span class='ocr_line' id='line_1_11' title="bbox 235 779 1797 835; baseline 0.002 -16"><span class='ocrx_word' id='word_1_86' title='bbox 235 779 465 820; x_wconf 83' lang='lat' dir='ltr'>interesset</span> <span class='ocrx_word' id='word_1_87' title='bbox 496 780 652 833; x_wconf 84' lang='lat' dir='ltr'>amnis,</span> <span class='ocrx_word' id='word_1_88' title='bbox 694 780 879 821; x_wconf 88' lang='lat' dir='ltr'>clamore</span> <span class='ocrx_word' id='word_1_89' title='bbox 912 780 1083 821; x_wconf 87' lang='lat' dir='ltr'>sublato</span> <span class='ocrx_word' id='word_1_90' title='bbox 1116 781 1280 834; x_wconf 88' lang='lat' dir='ltr'>passim</span> <span class='ocrx_word' id='word_1_91' title='bbox 1312 781 1403 822; x_wconf 83' lang='lat' dir='ltr'>sine</span> <span class='ocrx_word' id='word_1_92' title='bbox 1435 780 1567 821; x_wconf 89' lang='lat' dir='ltr'>ullius</span> <span class='ocrx_word' id='word_1_93' title='bbox 1600 781 1797 835; x_wconf 71' lang='lat' dir='ltr'>imperio,</span> 
     </span>
    </p>
   </div>
   <div class='ocr_carea' id='block_1_9' title="bbox 173 838 1311 893">
    <p class='ocr_par' dir='ltr' id='par_1_9' title="bbox 173 838 1311 893">
     <span class='ocr_line' id='line_1_12' title="bbox 173 838 1311 893; baseline 0.004 -17"><span class='ocrx_word' id='word_1_94' title='bbox 173 846 215 875; x_wconf 88' lang='lat'>13</span> <span class='ocrx_word' id='word_1_95' title='bbox 237 851 322 891; x_wconf 88' lang='lat' dir='ltr'>qua</span> <span class='ocrx_word' id='word_1_96' title='bbox 348 838 499 892; x_wconf 87' lang='lat' dir='ltr'>cuique</span> <span class='ocrx_word' id='word_1_97' title='bbox 520 838 764 892; x_wconf 76' lang='lat' dir='ltr'>proximum</span> <span class='ocrx_word' id='word_1_98' title='bbox 791 842 873 893; x_wconf 84' lang='lat' dir='ltr'>est,</span> <span class='ocrx_word' id='word_1_99' title='bbox 899 839 945 879; x_wconf 89' lang='lat' dir='ltr'>in</span> <span class='ocrx_word' id='word_1_100' title='bbox 971 853 1141 880; x_wconf 90' lang='lat' dir='ltr'>amnem</span> <span class='ocrx_word' id='word_1_101' title='bbox 1167 842 1311 880; x_wconf 88' lang='lat' dir='ltr'>ruunt.</span> 
     </span>
    </p>
   </div>
   <div class='ocr_carea' id='block_1_10' title="bbox 1365 840 1795 893">
    <p class='ocr_par' dir='ltr' id='par_1_10' title="bbox 1365 840 1795 893">
     <span class='ocr_line' id='line_1_13' title="bbox 1365 840 1795 893; baseline 0 -13"><span class='ocrx_word' id='word_1_102' title='bbox 1365 843 1409 880; x_wconf 86' lang='lat' dir='ltr'>at</span> <span class='ocrx_word' id='word_1_103' title='bbox 1436 854 1485 880; x_wconf 82' lang='lat' dir='ltr'>ex</span> <span class='ocrx_word' id='word_1_104' title='bbox 1511 841 1632 893; x_wconf 82' lang='lat' dir='ltr'>parte</span> <span class='ocrx_word' id='word_1_105' title='bbox 1659 840 1795 880; x_wconf 85' lang='lat' dir='ltr'>altera</span> 
     </span>
    </p>
   </div>
   <div class='ocr_carea' id='block_1_11' title="bbox 234 896 1796 952">
    <p class='ocr_par' dir='ltr' id='par_1_11' title="bbox 234 896 1796 952">
     <span class='ocr_line' id='line_1_14' title="bbox 234 896 1796 952; baseline 0.001 -15"><span class='ocrx_word' id='word_1_106' title='bbox 234 896 352 950; x_wconf 80' lang='lat' dir='ltr'>ripae</span> <span class='ocrx_word' id='word_1_107' title='bbox 390 897 455 937; x_wconf 86' lang='lat' dir='ltr'>vis</span> <span class='ocrx_word' id='word_1_108' title='bbox 494 897 644 951; x_wconf 80' lang='lat' dir='ltr'>ingens</span> <span class='ocrx_word' id='word_1_109' title='bbox 679 898 870 952; x_wconf 88' lang='lat' dir='ltr'>equitum</span> <span class='ocrx_word' id='word_1_110' title='bbox 902 898 947 938; x_wconf 89' lang='lat' dir='ltr'>in</span> <span class='ocrx_word' id='word_1_111' title='bbox 977 898 1137 938; x_wconf 88' lang='lat' dir='ltr'>fiumen</span> <span class='ocrx_word' id='word_1_112' title='bbox 1168 898 1365 950; x_wconf 89' lang='lat' dir='ltr'>inmissa,</span> <span class='ocrx_word' id='word_1_113' title='bbox 1409 898 1632 952; x_wconf 88' lang='lat' dir='ltr'>medioque</span> <span class='ocrx_word' id='word_1_114' title='bbox 1672 899 1796 939; x_wconf 86' lang='lat' dir='ltr'>alveo</span> 
     </span>
    </p>
   </div>
   <div class='ocr_carea' id='block_1_12' title="bbox 174 954 1796 1011">
    <p class='ocr_par' dir='ltr' id='par_1_12' title="bbox 174 954 1796 1011">
     <span class='ocr_line' id='line_1_15' title="bbox 174 954 1796 1011; baseline 0.002 -17"><span class='ocrx_word' id='word_1_115' title='bbox 174 964 214 993; x_wconf 89' lang='lat'>14</span> <span class='ocrx_word' id='word_1_116' title='bbox 234 954 564 1009; x_wconf 80' lang='lat' dir='ltr'>haudquaquam</span> <span class='ocrx_word' id='word_1_117' title='bbox 612 957 706 1010; x_wconf 87' lang='lat' dir='ltr'>pari</span> <span class='ocrx_word' id='word_1_118' title='bbox 751 957 983 997; x_wconf 87' lang='lat' dir='ltr'>certamine</span> <span class='ocrx_word' id='word_1_119' title='bbox 1028 970 1301 1007; x_wconf 87' lang='lat' dir='ltr'>concursum,</span> <span class='ocrx_word' id='word_1_120' title='bbox 1346 957 1503 1011; x_wconf 85' lang='lat' dir='ltr'>quippe</span> <span class='ocrx_word' id='word_1_121' title='bbox 1548 958 1621 998; x_wconf 87' lang='lat' dir='ltr'>ubi</span> <span class='ocrx_word' id='word_1_122' title='bbox 1666 957 1796 1011; x_wconf 85' lang='lat' dir='ltr'>pedes</span> 
     </span>
    </p>
   </div>
   <div class='ocr_carea' id='block_1_13' title="bbox 235 1014 1798 1188">
    <p class='ocr_par' dir='ltr' id='par_1_13' title="bbox 235 1014 1798 1188">
     <span class='ocr_line' id='line_1_16' title="bbox 236 1014 1798 1070; baseline 0.002 -16"><span class='ocrx_word' id='word_1_123' title='bbox 236 1014 452 1054; x_wconf 85' lang='lat' dir='ltr'>instabilis</span> <span class='ocrx_word' id='word_1_124' title='bbox 488 1029 536 1056; x_wconf 90' lang='lat' dir='ltr'>ac</span> <span class='ocrx_word' id='word_1_125' title='bbox 561 1015 631 1055; x_wconf 83' lang='lat' dir='ltr'>vix</span> <span class='ocrx_word' id='word_1_126' title='bbox 658 1015 768 1056; x_wconf 87' lang='lat' dir='ltr'>vado</span> <span class='ocrx_word' id='word_1_127' title='bbox 800 1015 935 1056; x_wconf 87' lang='lat' dir='ltr'>fideus</span> <span class='ocrx_word' id='word_1_128' title='bbox 968 1015 1035 1055; x_wconf 86' lang='lat' dir='ltr'>vel</span> <span class='ocrx_word' id='word_1_129' title='bbox 1067 1015 1119 1056; x_wconf 88' lang='lat' dir='ltr'>ab</span> <span class='ocrx_word' id='word_1_130' title='bbox 1152 1015 1305 1055; x_wconf 83' lang='lat' dir='ltr'>inermi</span> <span class='ocrx_word' id='word_1_131' title='bbox 1332 1016 1473 1069; x_wconf 85' lang='lat' dir='ltr'>equite</span> <span class='ocrx_word' id='word_1_132' title='bbox 1500 1030 1607 1070; x_wconf 88' lang='lat' dir='ltr'>equo</span> <span class='ocrx_word' id='word_1_133' title='bbox 1634 1019 1798 1057; x_wconf 83' lang='lat' dir='ltr'>temere</span> 
     </span>
     <span class='ocr_line' id='line_1_17' title="bbox 236 1074 1793 1129; baseline 0.002 -16"><span class='ocrx_word' id='word_1_134' title='bbox 236 1076 330 1113; x_wconf 88' lang='lat' dir='ltr'>acto</span> <span class='ocrx_word' id='word_1_135' title='bbox 364 1074 548 1127; x_wconf 82' lang='lat' dir='ltr'>perverti</span> <span class='ocrx_word' id='word_1_136' title='bbox 583 1078 748 1127; x_wconf 87' lang='lat' dir='ltr'>posset,</span> <span class='ocrx_word' id='word_1_137' title='bbox 787 1088 916 1127; x_wconf 84' lang='lat' dir='ltr'>eques</span> <span class='ocrx_word' id='word_1_138' title='bbox 948 1088 1126 1127; x_wconf 86' lang='lat' dir='ltr'>corpore</span> <span class='ocrx_word' id='word_1_139' title='bbox 1159 1074 1375 1128; x_wconf 84' lang='lat' dir='ltr'>armisque</span> <span class='ocrx_word' id='word_1_140' title='bbox 1414 1074 1539 1128; x_wconf 83' lang='lat' dir='ltr'>liber,</span> <span class='ocrx_word' id='word_1_141' title='bbox 1578 1089 1686 1129; x_wconf 91' lang='lat' dir='ltr'>equo</span> <span class='ocrx_word' id='word_1_142' title='bbox 1725 1076 1793 1116; x_wconf 81' lang='lat' dir='ltr'>vel</span> 
     </span>
     <span class='ocr_line' id='line_1_18' title="bbox 235 1132 1797 1188; baseline 0.001 -16"><span class='ocrx_word' id='word_1_143' title='bbox 235 1146 311 1184; x_wconf 89' lang='lat' dir='ltr'>per</span> <span class='ocrx_word' id='word_1_144' title='bbox 343 1132 505 1172; x_wconf 87' lang='lat' dir='ltr'>medios</span> <span class='ocrx_word' id='word_1_145' title='bbox 534 1133 728 1186; x_wconf 81' lang='lat' dir='ltr'>gurgites</span> <span class='ocrx_word' id='word_1_146' title='bbox 757 1132 919 1185; x_wconf 85' lang='lat' dir='ltr'>stabili,</span> <span class='ocrx_word' id='word_1_147' title='bbox 959 1132 1196 1173; x_wconf 89' lang='lat' dir='ltr'>comminus</span> <span class='ocrx_word' id='word_1_148' title='bbox 1224 1132 1474 1186; x_wconf 88' lang='lat' dir='ltr'>eminusque</span> <span class='ocrx_word' id='word_1_149' title='bbox 1500 1147 1589 1173; x_wconf 90' lang='lat' dir='ltr'>rem</span> <span class='ocrx_word' id='word_1_150' title='bbox 1617 1137 1797 1188; x_wconf 76' lang='lat' dir='ltr'>gereret.</span> 
     </span>
    </p>
   </div>
   <div class='ocr_carea' id='block_1_14' title="bbox 173 1191 1796 1305">
    <p class='ocr_par' dir='ltr' id='par_1_14' title="bbox 173 1191 1796 1304">
     <span class='ocr_line' id='line_1_19' title="bbox 173 1191 1796 1245; baseline 0.002 -16"><span class='ocrx_word' id='word_1_151' title='bbox 173 1198 215 1228; x_wconf 79' lang='lat'>15</span> <span class='ocrx_word' id='word_1_152' title='bbox 240 1204 340 1244; x_wconf 83' lang='lat' dir='ltr'>pars</span> <span class='ocrx_word' id='word_1_153' title='bbox 374 1205 530 1243; x_wconf 72' lang='lat' dir='ltr'>magna</span> <span class='ocrx_word' id='word_1_154' title='bbox 566 1191 741 1232; x_wconf 81' lang='lat' dir='ltr'>flumine</span> <span class='ocrx_word' id='word_1_155' title='bbox 774 1192 1021 1245; x_wconf 81' lang='lat' dir='ltr'>absumpta3</span> <span class='ocrx_word' id='word_1_156' title='bbox 1060 1191 1235 1245; x_wconf 85' lang='lat' dir='ltr'>quidam</span> <span class='ocrx_word' id='word_1_157' title='bbox 1269 1192 1481 1232; x_wconf 78' lang='lat' dir='ltr'>verticoso</span> <span class='ocrx_word' id='word_1_158' title='bbox 1515 1193 1631 1233; x_wconf 86' lang='lat' dir='ltr'>amni</span> <span class='ocrx_word' id='word_1_159' title='bbox 1663 1192 1796 1233; x_wconf 87' lang='lat' dir='ltr'>delati</span> 
     </span>
     <span class='ocr_line' id='line_1_20' title="bbox 174 1249 1795 1305; baseline 0.002 -17"><span class='ocrx_word' id='word_1_160' title='bbox 174 1258 215 1287; x_wconf 80' lang='grc'>16</span> <span class='ocrx_word' id='word_1_161' title='bbox 238 1250 280 1289; x_wconf 86' lang='lat' dir='ltr'>in</span> <span class='ocrx_word' id='word_1_162' title='bbox 306 1249 444 1289; x_wconf 87' lang='lat' dir='ltr'>hostis</span> <span class='ocrx_word' id='word_1_163' title='bbox 472 1250 525 1289; x_wconf 88' lang='lat' dir='ltr'>ab</span> <span class='ocrx_word' id='word_1_164' title='bbox 553 1249 793 1303; x_wconf 86' lang='lat' dir='ltr'>elephantis</span> <span class='ocrx_word' id='word_1_165' title='bbox 821 1250 971 1291; x_wconf 84' lang='lat' dir='ltr'>obtriti</span> <span class='ocrx_word' id='word_1_166' title='bbox 999 1252 1110 1290; x_wconf 89' lang='lat' dir='ltr'>sunt.</span> <span class='ocrx_word' id='word_1_167' title='bbox 1149 1250 1377 1304; x_wconf 76' lang='lat' dir='ltr'>postremi,</span> <span class='ocrx_word' id='word_1_168' title='bbox 1399 1250 1553 1304; x_wconf 88' lang='lat' dir='ltr'>quibus</span> <span class='ocrx_word' id='word_1_169' title='bbox 1574 1265 1795 1305; x_wconf 82' lang='lat' dir='ltr'>regressus</span> 
     </span>
    </p>
   </div>
   <div class='ocr_carea' id='block_1_15' title="bbox 234 1308 1796 1482">
    <p class='ocr_par' dir='ltr' id='par_1_15' title="bbox 234 1308 1796 1482">
     <span class='ocr_line' id='line_1_21' title="bbox 236 1308 1795 1363; baseline 0.003 -16"><span class='ocrx_word' id='word_1_170' title='bbox 236 1308 280 1347; x_wconf 88' lang='lat' dir='ltr'>in</span> <span class='ocrx_word' id='word_1_171' title='bbox 313 1322 435 1348; x_wconf 84' lang='lat' dir='ltr'>suam</span> <span class='ocrx_word' id='word_1_172' title='bbox 468 1309 604 1362; x_wconf 88' lang='lat' dir='ltr'>ripam</span> <span class='ocrx_word' id='word_1_173' title='bbox 638 1309 772 1349; x_wconf 79' lang='lat' dir='ltr'>tutior</span> <span class='ocrx_word' id='word_1_174' title='bbox 805 1308 904 1363; x_wconf 77' lang='lat' dir='ltr'>fuit,</span> <span class='ocrx_word' id='word_1_175' title='bbox 937 1323 988 1349; x_wconf 82' lang='lat' dir='ltr'>ex</span> <span class='ocrx_word' id='word_1_176' title='bbox 1014 1309 1135 1350; x_wconf 82' lang='lat' dir='ltr'>varia</span> <span class='ocrx_word' id='word_1_177' title='bbox 1160 1309 1444 1363; x_wconf 82' lang='lat' dir='ltr'>trepidatione</span> <span class='ocrx_word' id='word_1_178' title='bbox 1472 1323 1565 1349; x_wconf 85' lang='lat' dir='ltr'>cum</span> <span class='ocrx_word' id='word_1_179' title='bbox 1593 1312 1638 1350; x_wconf 89' lang='lat' dir='ltr'>in</span> <span class='ocrx_word' id='word_1_180' title='bbox 1665 1325 1795 1351; x_wconf 88' lang='lat' dir='ltr'>unum</span> 
     </span>
     <span class='ocr_line' id='line_1_22' title="bbox 235 1366 1795 1433; baseline 0.002 -27"><span class='ocrx_word' id='word_1_181' title='bbox 235 1366 558 1421; x_wconf 71' lang='lat' dir='ltr'>colligerentur,</span> <span class='ocrx_word' id='word_1_182' title='bbox 602 1369 852 1422; x_wconf 86' lang='lat' dir='ltr'>priusquam</span> <span class='ocrx_word' id='word_1_183' title='bbox 893 1383 920 1408; x_wconf 75' lang='lat' dir='ltr'>a</span> <span class='ocrx_word' id='word_1_184' title='bbox 959 1370 1081 1408; x_wconf 87' lang='lat' dir='ltr'>tanto</span> <span class='ocrx_word' id='word_1_185' title='bbox 1133 1382 1293 1433; x_wconf 79' lang='lat' dir='ltr'>pavore</span> <span class='ocrx_word' id='word_1_186' title='bbox 1333 1368 1572 1422; x_wconf 85' lang='lat' dir='ltr'>1eciperent</span> <span class='ocrx_word' id='word_1_187' title='bbox 1617 1370 1795 1423; x_wconf 75' lang='lat' dir='ltr'>animos,</span> 
     </span>
     <span class='ocr_line' id='line_1_23' title="bbox 234 1424 1796 1482; baseline 0.002 -17"><span class='ocrx_word' id='word_1_188' title='bbox 234 1424 453 1466; x_wconf 88' lang='lat' dir='ltr'>Hannibal</span> <span class='ocrx_word' id='word_1_189' title='bbox 496 1427 666 1479; x_wconf 82' lang='lat' dir='ltr'>agmine</span> <span class='ocrx_word' id='word_1_190' title='bbox 707 1427 917 1480; x_wconf 87' lang='lat' dir='ltr'>quadrato</span> <span class='ocrx_word' id='word_1_191' title='bbox 961 1441 1128 1467; x_wconf 84' lang='lat' dir='ltr'>amnem</span> <span class='ocrx_word' id='word_1_192' title='bbox 1170 1426 1389 1480; x_wconf 80' lang='lat' dir='ltr'>ingressus</span> <span class='ocrx_word' id='word_1_193' title='bbox 1430 1425 1579 1481; x_wconf 81' lang='lat' dir='ltr'>fugam</span> <span class='ocrx_word' id='word_1_194' title='bbox 1618 1442 1669 1469; x_wconf 79' lang='lat' dir='ltr'>ex</span> <span class='ocrx_word' id='word_1_195' title='bbox 1700 1428 1796 1482; x_wconf 87' lang='lat' dir='ltr'>ripa</span> 
     </span>
    </p>
   </div>
   <div class='ocr_carea' id='block_1_16' title="bbox 232 1539 979 2942">
    <p class='ocr_par' dir='ltr' id='par_1_16' title="bbox 232 1539 979 2045">
     <span class='ocr_line' id='line_1_24' title="bbox 234 1539 974 1585; baseline 0.003 -12"><span class='ocrx_word' id='word_1_196' title='bbox 234 1539 385 1583; x_wconf 83' lang='lat' dir='ltr'>glichen</span> <span class='ocrx_word' id='word_1_197' title='bbox 408 1539 476 1574; x_wconf 84' lang='lat' dir='ltr'>mit</span> <span class='ocrx_word' id='word_1_198' title='bbox 501 1540 580 1575; x_wconf 88' lang='lat' dir='ltr'>Pol.</span> <span class='ocrx_word' id='word_1_199' title='bbox 596 1541 635 1583; x_wconf 83' lang='lat'>3,</span> <span class='ocrx_word' id='word_1_200' title='bbox 665 1545 723 1584; x_wconf 88' lang='lat'>14,</span> <span class='ocrx_word' id='word_1_201' title='bbox 750 1546 842 1576; x_wconf 65' lang='lat'>4.„9</span> <span class='ocrx_word' id='word_1_202' title='bbox 865 1540 974 1585; x_wconf 82' lang='lat' dir='ltr'>zeigt,</span> 
     </span>
     <span class='ocr_line' id='line_1_25' title="bbox 235 1586 974 1629; baseline 0.001 -8"><span class='ocrx_word' id='word_1_203' title='bbox 235 1586 309 1621; x_wconf 78' lang='lat' dir='ltr'>dass</span> <span class='ocrx_word' id='word_1_204' title='bbox 335 1587 373 1622; x_wconf 89' lang='lat' dir='ltr'>L.</span> <span class='ocrx_word' id='word_1_205' title='bbox 402 1587 503 1622; x_wconf 85' lang='lat' dir='ltr'>seine</span> <span class='ocrx_word' id='word_1_206' title='bbox 530 1587 686 1629; x_wconf 82' lang='lat' dir='ltr'>Quellen</span> <span class='ocrx_word' id='word_1_207' title='bbox 711 1588 773 1622; x_wconf 90' lang='lat' dir='ltr'>bei</span> <span class='ocrx_word' id='word_1_208' title='bbox 799 1588 974 1622; x_wconf 82' lang='lat' dir='ltr'>Schlach-</span> 
     </span>
     <span class='ocr_line' id='line_1_26' title="bbox 232 1634 975 1679; baseline 0.003 -12"><span class='ocrx_word' id='word_1_209' title='bbox 232 1634 620 1679; x_wconf 77' lang='lat' dir='ltr'>tenbeschreibungen</span> <span class='ocrx_word' id='word_1_210' title='bbox 647 1636 760 1669; x_wconf 86' lang='lat' dir='ltr'>etwas</span> <span class='ocrx_word' id='word_1_211' title='bbox 780 1635 892 1670; x_wconf 86' lang='lat' dir='ltr'>freier</span> <span class='ocrx_word' id='word_1_212' title='bbox 914 1637 975 1669; x_wconf 88' lang='lat' dir='ltr'>be-</span> 
     </span>
     <span class='ocr_line' id='line_1_27' title="bbox 232 1682 976 1725; baseline 0.001 -11"><span class='ocrx_word' id='word_1_213' title='bbox 232 1682 339 1714; x_wconf 79' lang='lat' dir='ltr'>nfitzt</span> <span class='ocrx_word' id='word_1_214' title='bbox 375 1682 450 1714; x_wconf 91' lang='lat' dir='ltr'>und</span> <span class='ocrx_word' id='word_1_215' title='bbox 488 1682 767 1725; x_wconf 74' lang='lat' dir='ltr'>ausschmi&#39;ickt,</span> <span class='ocrx_word' id='word_1_216' title='bbox 804 1683 858 1716; x_wconf 88' lang='lat' dir='ltr'>als</span> <span class='ocrx_word' id='word_1_217' title='bbox 897 1682 976 1717; x_wconf 86' lang='lat' dir='ltr'>dies</span> 
     </span>
     <span class='ocr_line' id='line_1_28' title="bbox 235 1728 976 1763; baseline 0.003 -2"><span class='ocrx_word' id='word_1_218' title='bbox 235 1730 339 1762; x_wconf 86' lang='lat' dir='ltr'>sonst</span> <span class='ocrx_word' id='word_1_219' title='bbox 374 1728 440 1762; x_wconf 87' lang='lat' dir='ltr'>der</span> <span class='ocrx_word' id='word_1_220' title='bbox 473 1728 553 1762; x_wconf 86' lang='lat' dir='ltr'>Fall</span> <span class='ocrx_word' id='word_1_221' title='bbox 593 1729 658 1763; x_wconf 86' lang='lat' dir='ltr'>ist:</span> <span class='ocrx_word' id='word_1_222' title='bbox 694 1730 759 1763; x_wconf 87' lang='lat' dir='ltr'>der</span> <span class='ocrx_word' id='word_1_223' title='bbox 793 1729 976 1763; x_wconf 79' lang='lat' dir='ltr'>romische</span> 
     </span>
     <span class='ocr_line' id='line_1_29' title="bbox 233 1775 978 1820; baseline 0.001 -11"><span class='ocrx_word' id='word_1_224' title='bbox 233 1775 345 1809; x_wconf 80' lang='lat' dir='ltr'>Leser</span> <span class='ocrx_word' id='word_1_225' title='bbox 379 1775 572 1819; x_wconf 81' lang='lat' dir='ltr'>verlangte</span> <span class='ocrx_word' id='word_1_226' title='bbox 612 1776 738 1810; x_wconf 88' lang='lat' dir='ltr'>solche</span> <span class='ocrx_word' id='word_1_227' title='bbox 775 1776 978 1820; x_wconf 75' lang='lat' dir='ltr'>moglichst</span> 
     </span>
     <span class='ocr_line' id='line_1_30' title="bbox 234 1821 978 1867; baseline 0.003 -12"><span class='ocrx_word' id='word_1_228' title='bbox 234 1821 463 1856; x_wconf 78' lang='lat' dir='ltr'>ausfflhrlich</span> <span class='ocrx_word' id='word_1_229' title='bbox 506 1823 581 1856; x_wconf 83' lang='lat' dir='ltr'>und</span> <span class='ocrx_word' id='word_1_230' title='bbox 628 1823 815 1867; x_wconf 79' lang='lat' dir='ltr'>lebendig.</span> <span class='ocrx_word' id='word_1_231' title='bbox 892 1823 978 1857; x_wconf 85' lang='lat' dir='ltr'>Tac.</span> 
     </span>
     <span class='ocr_line' id='line_1_31' title="bbox 236 1870 978 1915; baseline 0.005 -14"><span class='ocrx_word' id='word_1_232' title='bbox 236 1870 327 1904; x_wconf 82' lang='lat' dir='ltr'>Ann.</span> <span class='ocrx_word' id='word_1_233' title='bbox 354 1874 386 1911; x_wconf 87' lang='lat'>4,</span> <span class='ocrx_word' id='word_1_234' title='bbox 411 1874 472 1904; x_wconf 85' lang='lat'><strong>33:</strong></span> <span class='ocrx_word' id='word_1_235' title='bbox 499 1870 598 1904; x_wconf 70' lang='lat' dir='ltr'>Situs</span> <span class='ocrx_word' id='word_1_236' title='bbox 621 1871 798 1915; x_wconf 73' lang='lat' dir='ltr'>yentium,</span> <span class='ocrx_word' id='word_1_237' title='bbox 824 1872 978 1905; x_wconf 79' lang='lat' dir='ltr'>varieta-</span> 
     </span>
     <span class='ocr_line' id='line_1_32' title="bbox 233 1917 979 1960; baseline 0.003 -10"><span class='ocrx_word' id='word_1_238' title='bbox 233 1921 283 1950; x_wconf 65' lang='lat' dir='ltr'>tes</span> <span class='ocrx_word' id='word_1_239' title='bbox 302 1917 538 1960; x_wconf 74' lang='lat' dir='ltr'>proeliorum,</span> <span class='ocrx_word' id='word_1_240' title='bbox 573 1918 664 1951; x_wconf 78' lang='lat' dir='ltr'>clari</span> <span class='ocrx_word' id='word_1_241' title='bbox 697 1918 827 1952; x_wconf 81' lang='lat' dir='ltr'>dueum</span> <span class='ocrx_word' id='word_1_242' title='bbox 861 1919 979 1952; x_wconf 69' lang='lat' dir='ltr'>emitas</span> 
     </span>
     <span class='ocr_line' id='line_1_33' title="bbox 233 1964 977 2010; baseline 0.004 -14"><span class='ocrx_word' id='word_1_243' title='bbox 233 1964 388 1998; x_wconf 74' lang='lat' dir='ltr'>retinent</span> <span class='ocrx_word' id='word_1_244' title='bbox 424 1975 467 1998; x_wconf 68' lang='lat' dir='ltr'>(tc</span> <span class='ocrx_word' id='word_1_245' title='bbox 503 1965 750 2009; x_wconf 68' lang='lat' dir='ltr'>redinteyrant</span> <span class='ocrx_word' id='word_1_246' title='bbox 788 1966 977 2010; x_wconf 70' lang='lat' dir='ltr'>Ieyentium</span> 
     </span>
     <span class='ocr_line' id='line_1_34' title="bbox 234 2022 408 2045; baseline 0.011 -2"><span class='ocrx_word' id='word_1_247' title='bbox 234 2022 408 2045; x_wconf 69' lang='lat' dir='ltr'>nmmum.</span> 
     </span>
    </p>

    <p class='ocr_par' dir='ltr' id='par_1_17' title="bbox 234 2058 977 2193">
     <span class='ocr_line' id='line_1_35' title="bbox 283 2058 977 2102; baseline 0.003 -12"><span class='ocrx_word' id='word_1_248' title='bbox 283 2069 309 2090; x_wconf 85' lang='lat' dir='ltr'>c.</span> <span class='ocrx_word' id='word_1_249' title='bbox 336 2068 443 2100; x_wconf 77' lang='lat' dir='ltr'>super</span> <span class='ocrx_word' id='word_1_250' title='bbox 461 2068 490 2091; x_wconf 78' lang='grc' dir='ltr'>ν.</span> <span class='ocrx_word' id='word_1_251' title='bbox 506 2058 600 2102; x_wconf 59' lang='lat' dir='ltr'>pos]</span> <span class='ocrx_word' id='word_1_252' title='bbox 629 2058 695 2099; x_wconf 77' lang='lat'>35,</span> <span class='ocrx_word' id='word_1_253' title='bbox 717 2062 776 2101; x_wconf 87' lang='lat'>33,</span> <span class='ocrx_word' id='word_1_254' title='bbox 796 2063 854 2099; x_wconf 78' lang='lat'>103</span> <span class='ocrx_word' id='word_1_255' title='bbox 878 2060 977 2101; x_wconf 72' lang='lat' dir='ltr'>quies</span> 
     </span>
     <span class='ocr_line' id='line_1_36' title="bbox 234 2103 976 2146; baseline 0.005 -11"><span class='ocrx_word' id='word_1_256' title='bbox 234 2103 309 2136; x_wconf 85' lang='lat' dir='ltr'>und</span> <span class='ocrx_word' id='word_1_257' title='bbox 323 2105 505 2137; x_wconf 73' lang='lat' dir='ltr'>silentium</span> <span class='ocrx_word' id='word_1_258' title='bbox 520 2104 752 2146; x_wconf 83' lang='lat' dir='ltr'>verbunden,</span> <span class='ocrx_word' id='word_1_259' title='bbox 769 2105 836 2138; x_wconf 85' lang='lat' dir='ltr'>wie</span> <span class='ocrx_word' id='word_1_260' title='bbox 854 2105 892 2143; x_wconf 80' lang='lat'>1.</span> <span class='ocrx_word' id='word_1_261' title='bbox 923 2110 976 2146; x_wconf 86' lang='lat'>13,</span> 
     </span>
     <span class='ocr_line' id='line_1_37' title="bbox 235 2149 488 2193; baseline 0.004 -10"><span class='ocrx_word' id='word_1_262' title='bbox 235 2154 273 2191; x_wconf 70' lang='lat'>4,</span> <span class='ocrx_word' id='word_1_263' title='bbox 300 2149 340 2192; x_wconf 85' lang='lat'>4,</span> <span class='ocrx_word' id='word_1_264' title='bbox 370 2154 428 2193; x_wconf 83' lang='lat'>18,</span> <span class='ocrx_word' id='word_1_265' title='bbox 458 2155 488 2184; x_wconf 75' lang='lat' dir='ltr'>c.</span> 
     </span>
    </p>

    <p class='ocr_par' dir='ltr' id='par_1_18' title="bbox 283 2197 670 2242">
     <span class='ocr_line' id='line_1_38' title="bbox 283 2197 670 2242; baseline 0 -12"><span class='ocrx_word' id='word_1_266' title='bbox 283 2198 327 2230; x_wconf 77' lang='lat' dir='ltr'>ab</span> <span class='ocrx_word' id='word_1_267' title='bbox 353 2197 529 2242; x_wconf 73' lang='lat' dir='ltr'>hostibus]</span> <span class='ocrx_word' id='word_1_268' title='bbox 557 2197 670 2231; x_wconf 83' lang='lat' dir='ltr'>lokal.</span> 
     </span>
    </p>

    <p class='ocr_par' dir='ltr' id='par_1_19' title="bbox 235 2243 979 2467">
     <span class='ocr_line' id='line_1_39' title="bbox 283 2243 975 2288; baseline 0.003 -11"><span class='ocrx_word' id='word_1_269' title='bbox 283 2244 375 2278; x_wconf 74' lang='lat' dir='ltr'>vallo</span> <span class='ocrx_word' id='word_1_270' title='bbox 400 2245 454 2278; x_wconf 75' lang='lat' dir='ltr'>iia</span> <span class='ocrx_word' id='word_1_271' title='bbox 473 2244 548 2288; x_wconf 64' lang='lat'>12⁷2]</span> <span class='ocrx_word' id='word_1_272' title='bbox 575 2243 701 2278; x_wconf 87' lang='lat' dir='ltr'>indem</span> <span class='ocrx_word' id='word_1_273' title='bbox 722 2255 760 2278; x_wconf 90' lang='lat' dir='ltr'>er</span> <span class='ocrx_word' id='word_1_274' title='bbox 784 2244 843 2279; x_wconf 81' lang='lat' dir='ltr'>die</span> <span class='ocrx_word' id='word_1_275' title='bbox 868 2244 975 2279; x_wconf 83' lang='lat' dir='ltr'>Mitte</span> 
     </span>
     <span class='ocr_line' id='line_1_40' title="bbox 236 2290 975 2335; baseline 0.005 -13"><span class='ocrx_word' id='word_1_276' title='bbox 236 2290 300 2323; x_wconf 78' lang='lat' dir='ltr'>des</span> <span class='ocrx_word' id='word_1_277' title='bbox 327 2291 461 2324; x_wconf 87' lang='lat' dir='ltr'>vadum</span> <span class='ocrx_word' id='word_1_278' title='bbox 488 2290 556 2324; x_wconf 81' lang='lat' dir='ltr'>frei</span> <span class='ocrx_word' id='word_1_279' title='bbox 574 2290 667 2333; x_wconf 68' lang='lat' dir='ltr'>lien,</span> <span class='ocrx_word' id='word_1_280' title='bbox 695 2291 975 2335; x_wconf 82' lang='lat' dir='ltr'>dagegenlinks</span> 
     </span>
     <span class='ocr_line' id='line_1_41' title="bbox 236 2337 974 2382; baseline 0.003 -12"><span class='ocrx_word' id='word_1_281' title='bbox 236 2337 311 2370; x_wconf 85' lang='lat' dir='ltr'>und</span> <span class='ocrx_word' id='word_1_282' title='bbox 337 2337 460 2371; x_wconf 81' lang='lat' dir='ltr'>rechts</span> <span class='ocrx_word' id='word_1_283' title='bbox 480 2348 553 2371; x_wconf 86' lang='lat' dir='ltr'>von</span> <span class='ocrx_word' id='word_1_284' title='bbox 576 2338 789 2371; x_wconf 86' lang='lat' dir='ltr'>demselben</span> <span class='ocrx_word' id='word_1_285' title='bbox 814 2350 872 2372; x_wconf 89' lang='lat' dir='ltr'>am</span> <span class='ocrx_word' id='word_1_286' title='bbox 895 2338 974 2382; x_wconf 84' lang='lat' dir='ltr'>jen-</span> 
     </span>
     <span class='ocr_line' id='line_1_42' title="bbox 235 2383 979 2427; baseline 0.001 -9"><span class='ocrx_word' id='word_1_287' title='bbox 235 2383 395 2427; x_wconf 73' lang='lat' dir='ltr'>seitigen</span> <span class='ocrx_word' id='word_1_288' title='bbox 427 2383 515 2417; x_wconf 86' lang='lat' dir='ltr'>Ufer</span> <span class='ocrx_word' id='word_1_289' title='bbox 546 2384 625 2418; x_wconf 84' lang='lat' dir='ltr'>sein</span> <span class='ocrx_word' id='word_1_290' title='bbox 650 2383 821 2418; x_wconf 81' lang='lat' dir='ltr'>Fussvolk</span> <span class='ocrx_word' id='word_1_291' title='bbox 856 2385 979 2419; x_wconf 82' lang='lat' dir='ltr'>hinter</span> 
     </span>
     <span class='ocr_line' id='line_1_43' title="bbox 236 2431 976 2467; baseline 0.003 -2"><span class='ocrx_word' id='word_1_292' title='bbox 236 2432 356 2465; x_wconf 79' lang='lat' dir='ltr'>einem</span> <span class='ocrx_word' id='word_1_293' title='bbox 371 2431 622 2465; x_wconf 75' lang='lat' dir='ltr'>schsitzenden</span> <span class='ocrx_word' id='word_1_294' title='bbox 634 2431 755 2466; x_wconf 74' lang='lat' dir='ltr'>Wane</span> <span class='ocrx_word' id='word_1_295' title='bbox 776 2432 976 2467; x_wconf 77' lang='lat' dir='ltr'>aufstellte.</span> 
     </span>
    </p>

    <p class='ocr_par' dir='ltr' id='par_1_20' title="bbox 237 2477 976 2565">
     <span class='ocr_line' id='line_1_44' title="bbox 287 2477 976 2522; baseline 0 -11"><span class='ocrx_word' id='word_1_296' title='bbox 287 2482 338 2513; x_wconf 88' lang='lat'>10.</span> <span class='ocrx_word' id='word_1_297' title='bbox 365 2479 579 2522; x_wconf 69' lang='lat' dir='ltr'>inpeditum]</span> <span class='ocrx_word' id='word_1_298' title='bbox 614 2479 730 2511; x_wconf 83' lang='lat' dir='ltr'>durch</span> <span class='ocrx_word' id='word_1_299' title='bbox 763 2479 834 2513; x_wconf 87' lang='lat' dir='ltr'>den</span> <span class='ocrx_word' id='word_1_300' title='bbox 864 2477 976 2519; x_wconf 64' lang='lat' dir='ltr'>Fluss,</span> 
     </span>
     <span class='ocr_line' id='line_1_45' title="bbox 237 2524 684 2567; baseline 0.002 -9"><span class='ocrx_word' id='word_1_301' title='bbox 237 2524 444 2567; x_wconf 49' lang='lat' dir='ltr'>(mammam</span> <span class='ocrx_word' id='word_1_302' title='bbox 471 2526 558 2559; x_wconf 67' lang='lat' dir='ltr'>liber</span> <span class='ocrx_word' id='word_1_303' title='bbox 584 2529 602 2565; x_wconf 65' lang='grc' dir='ltr'>ξ</span> <span class='ocrx_word' id='word_1_304' title='bbox 631 2530 684 2559; x_wconf 85' lang='lat'>14.</span> 
     </span>
    </p>

    <p class='ocr_par' dir='ltr' id='par_1_21' title="bbox 237 2571 978 2660">
     <span class='ocr_line' id='line_1_46' title="bbox 287 2571 978 2616; baseline 0.003 -12"><span class='ocrx_word' id='word_1_305' title='bbox 287 2576 338 2606; x_wconf 89' lang='grc'>11.</span> <span class='ocrx_word' id='word_1_306' title='bbox 365 2573 518 2616; x_wconf 70' lang='lat' dir='ltr'>aclpend.</span> <span class='ocrx_word' id='word_1_307' title='bbox 533 2573 536 2615; x_wconf 89' lang='grc' dir='ltr'>Ι</span> <span class='ocrx_word' id='word_1_308' title='bbox 566 2572 649 2605; x_wconf 85' lang='lat' dir='ltr'>weil</span> <span class='ocrx_word' id='word_1_309' title='bbox 676 2571 735 2605; x_wconf 88' lang='lat' dir='ltr'>die</span> <span class='ocrx_word' id='word_1_310' title='bbox 752 2571 978 2616; x_wconf 73' lang='lat' dir='ltr'>Carpetaner</span> 
     </span>
     <span class='ocr_line' id='line_1_47' title="bbox 237 2618 850 2663; baseline 0.003 -12"><span class='ocrx_word' id='word_1_311' title='bbox 237 2618 296 2651; x_wconf 85' lang='lat' dir='ltr'>die</span> <span class='ocrx_word' id='word_1_312' title='bbox 322 2618 403 2652; x_wconf 84' lang='lat' dir='ltr'>Hau</span> <span class='ocrx_word' id='word_1_313' title='bbox 407 2620 576 2663; x_wconf 77' lang='lat' dir='ltr'>ptmacht</span> <span class='ocrx_word' id='word_1_314' title='bbox 600 2618 746 2659; x_wconf 68' lang='lat' dir='ltr'>hildem</span> <span class='ocrx_word' id='word_1_315' title='bbox 773 2624 791 2660; x_wconf 62' lang='grc' dir='ltr'>ξ</span> <span class='ocrx_word' id='word_1_316' title='bbox 820 2623 850 2653; x_wconf 84' lang='grc'>7.</span> 
     </span>
    </p>

    <p class='ocr_par' dir='ltr' id='par_1_22' title="bbox 238 2662 978 2754">
     <span class='ocr_line' id='line_1_48' title="bbox 282 2662 978 2710; baseline 0.001 -12"><span class='ocrx_word' id='word_1_317' title='bbox 282 2666 435 2709; x_wconf 67' lang='lat' dir='ltr'>emtam]</span> <span class='ocrx_word' id='word_1_318' title='bbox 453 2667 477 2698; x_wconf 88' lang='lat' dir='ltr'>l&#39;</span> <span class='ocrx_word' id='word_1_319' title='bbox 482 2666 685 2709; x_wconf 77' lang='lat' dir='ltr'>olybsogar</span> <span class='ocrx_word' id='word_1_320' title='bbox 692 2668 757 2699; x_wconf 71' lang='grc' dir='ltr'>πλε</span> <span class='ocrx_word' id='word_1_321' title='bbox 746 2667 821 2699; x_wconf 64' lang='grc' dir='ltr'>Ει’νοι</span> <span class='ocrx_word' id='word_1_322' title='bbox 826 2680 842 2706; x_wconf 81' lang='grc' dir='ltr'><em>ς</em></span> <span class='ocrx_word' id='word_1_323' title='bbox 857 2662 978 2710; x_wconf 71' lang='grc' dir='ltr'><em>ἦὸέκα</em></span> 
     </span>
     <span class='ocr_line' id='line_1_49' title="bbox 238 2711 433 2754; baseline 0.016 -12"><span class='ocrx_word' id='word_1_324' title='bbox 238 2724 285 2754; x_wconf 74' lang='grc' dir='ltr'>μυ</span> <span class='ocrx_word' id='word_1_325' title='bbox 290 2711 433 2752; x_wconf 75' lang='grc' dir='ltr'><em>οιαὸας.</em></span> 
     </span>
    </p>

    <p class='ocr_par' dir='ltr' id='par_1_23' title="bbox 236 2759 977 2884">
     <span class='ocr_line' id='line_1_50' title="bbox 287 2759 977 2804; baseline 0.004 -14"><span class='ocrx_word' id='word_1_326' title='bbox 287 2762 338 2792; x_wconf 81' lang='grc'>12.</span> <span class='ocrx_word' id='word_1_327' title='bbox 354 2760 585 2804; x_wconf 63' lang='lat' dir='ltr'>‘multitudine</span> <span class='ocrx_word' id='word_1_328' title='bbox 597 2761 644 2802; x_wconf 77' lang='lat' dir='ltr'>fr.</span> <span class='ocrx_word' id='word_1_329' title='bbox 657 2760 661 2803; x_wconf 77' lang='grc' dir='ltr'>Ι</span> <span class='ocrx_word' id='word_1_330' title='bbox 686 2759 754 2793; x_wconf 86' lang='lat' dir='ltr'>wie</span> <span class='ocrx_word' id='word_1_331' title='bbox 769 2760 977 2793; x_wconf 85' lang='lat' dir='ltr'>sonstauch</span> 
     </span>
     <span class='ocr_line' id='line_1_51' title="bbox 236 2798 976 2848; baseline 0.004 -11"><span class='ocrx_word' id='word_1_332' title='bbox 236 2815 403 2847; x_wconf 54' lang='lat' dir='ltr'>mmmmm</span> <span class='ocrx_word' id='word_1_333' title='bbox 429 2798 760 2848; x_wconf 65' lang='lat' dir='ltr'>Ubermwhtzss,</span> <span class='ocrx_word' id='word_1_334' title='bbox 790 2811 843 2848; x_wconf 90' lang='grc'>13,</span> <span class='ocrx_word' id='word_1_335' title='bbox 874 2807 976 2848; x_wconf 87' lang='grc'>1-9,</span> 
     </span>
     <span class='ocr_line' id='line_1_52' title="bbox 237 2855 358 2887; baseline 0.009 -4.019"><span class='ocrx_word' id='word_1_336' title='bbox 237 2855 297 2887; x_wconf 81' lang='lat'>35.</span> <span class='ocrx_word' id='word_1_337' title='bbox 326 2856 358 2885; x_wconf 92' lang='lat'><strong>3.</strong></span> 
     </span>
    </p>

    <p class='ocr_par' dir='ltr' id='par_1_24' title="bbox 285 2898 532 2942">
     <span class='ocr_line' id='line_1_53' title="bbox 285 2898 532 2942; baseline 0.008 -12"><span class='ocrx_word' id='word_1_338' title='bbox 285 2898 336 2942; x_wconf 67' lang='grc' dir='ltr'>πῖ]</span> <span class='ocrx_word' id='word_1_339' title='bbox 365 2909 431 2931; x_wconf 86' lang='lat' dir='ltr'>nur</span> <span class='ocrx_word' id='word_1_340' title='bbox 457 2898 532 2932; x_wconf 79' lang='lat' dir='ltr'>(las.</span> 
     </span>
    </p>
   </div>
   <div class='ocr_carea' id='block_1_17' title="bbox 1050 1541 1794 1633">
    <p class='ocr_par' dir='ltr' id='par_1_25' title="bbox 1050 1541 1794 1633">
     <span class='ocr_line' id='line_1_54' title="bbox 1094 1541 1794 1587; baseline 0.001 -11"><span class='ocrx_word' id='word_1_341' title='bbox 1094 1542 1222 1587; x_wconf 75' lang='lat' dir='ltr'>ullius]</span> <span class='ocrx_word' id='word_1_342' title='bbox 1251 1541 1544 1577; x_wconf 84' lang='lat' dir='ltr'>substantivisch</span> <span class='ocrx_word' id='word_1_343' title='bbox 1568 1544 1660 1578; x_wconf 80' lang='lat' dir='ltr'>statt</span> <span class='ocrx_word' id='word_1_344' title='bbox 1674 1544 1794 1578; x_wconf 73' lang='lat' dir='ltr'>euius-</span> 
     </span>
     <span class='ocr_line' id='line_1_55' title="bbox 1050 1589 1509 1633; baseline 0.007 -11"><span class='ocrx_word' id='word_1_345' title='bbox 1050 1599 1169 1633; x_wconf 73' lang='lat' dir='ltr'>quam,</span> <span class='ocrx_word' id='word_1_346' title='bbox 1198 1589 1293 1623; x_wconf 86' lang='lat' dir='ltr'>auch</span> <span class='ocrx_word' id='word_1_347' title='bbox 1320 1590 1360 1632; x_wconf 81' lang='grc'>9,</span> <span class='ocrx_word' id='word_1_348' title='bbox 1389 1593 1426 1632; x_wconf 82' lang='lat'>2,</span> <span class='ocrx_word' id='word_1_349' title='bbox 1457 1595 1509 1625; x_wconf 87' lang='lat'>10.</span> 
     </span>
    </p>
   </div>
   <div class='ocr_carea' id='block_1_18' title="bbox 1044 1647 1796 1834">
    <p class='ocr_par' dir='ltr' id='par_1_26' title="bbox 1044 1647 1796 1834">
     <span class='ocr_line' id='line_1_56' title="bbox 1107 1647 1795 1693; baseline 0.003 -12"><span class='ocrx_word' id='word_1_350' title='bbox 1107 1652 1160 1682; x_wconf 90' lang='lat'>13.</span> <span class='ocrx_word' id='word_1_351' title='bbox 1187 1648 1240 1693; x_wconf 73' lang='lat' dir='ltr'>at]</span> <span class='ocrx_word' id='word_1_352' title='bbox 1270 1647 1340 1682; x_wconf 85' lang='lat' dir='ltr'>wie</span> <span class='ocrx_word' id='word_1_353' title='bbox 1368 1648 1432 1691; x_wconf 84' lang='lat'>10,</span> <span class='ocrx_word' id='word_1_354' title='bbox 1460 1652 1516 1691; x_wconf 82' lang='lat'>29,</span> <span class='ocrx_word' id='word_1_355' title='bbox 1543 1653 1564 1682; x_wconf 90' lang='lat'><strong>3</strong></span> <span class='ocrx_word' id='word_1_356' title='bbox 1599 1648 1700 1683; x_wconf 68' lang='lat' dir='ltr'>Galli</span> <span class='ocrx_word' id='word_1_357' title='bbox 1724 1653 1795 1683; x_wconf 75' lang='lat' dir='ltr'>tor-</span> 
     </span>
     <span class='ocr_line' id='line_1_57' title="bbox 1044 1695 1795 1739; baseline 0.001 -10"><span class='ocrx_word' id='word_1_358' title='bbox 1044 1706 1148 1739; x_wconf 70' lang='lat' dir='ltr'>pere:</span> <span class='ocrx_word' id='word_1_359' title='bbox 1174 1699 1213 1729; x_wconf 78' lang='lat' dir='ltr'>at</span> <span class='ocrx_word' id='word_1_360' title='bbox 1238 1707 1280 1729; x_wconf 72' lang='lat' dir='ltr'>eoe</span> <span class='ocrx_word' id='word_1_361' title='bbox 1300 1700 1408 1739; x_wconf 71' lang='lat' dir='ltr'>parte</span> <span class='ocrx_word' id='word_1_362' title='bbox 1441 1696 1555 1729; x_wconf 77' lang='lat' dir='ltr'>altera</span> <span class='ocrx_word' id='word_1_363' title='bbox 1580 1695 1713 1730; x_wconf 73' lang='lat' dir='ltr'>Livius</span> <span class='ocrx_word' id='word_1_364' title='bbox 1737 1708 1795 1730; x_wconf 77' lang='lat' dir='ltr'>vo-</span> 
     </span>
     <span class='ocr_line' id='line_1_58' title="bbox 1051 1741 1796 1785; baseline 0.001 -9"><span class='ocrx_word' id='word_1_365' title='bbox 1051 1743 1201 1785; x_wconf 62' lang='lat' dir='ltr'>ciferari</span> <span class='ocrx_word' id='word_1_366' title='bbox 1220 1743 1346 1777; x_wconf 74' lang='lat' dir='ltr'>vicisse</span> <span class='ocrx_word' id='word_1_367' title='bbox 1358 1743 1562 1785; x_wconf 67' lang='lat' dir='ltr'>Romanos,-</span> <span class='ocrx_word' id='word_1_368' title='bbox 1588 1741 1722 1777; x_wconf 87' lang='lat' dir='ltr'>Catull.</span> <span class='ocrx_word' id='word_1_369' title='bbox 1739 1747 1796 1785; x_wconf 81' lang='lat'>64,</span> 
     </span>
     <span class='ocr_line' id='line_1_59' title="bbox 1053 1791 1481 1834; baseline 0 -11"><span class='ocrx_word' id='word_1_370' title='bbox 1053 1794 1119 1823; x_wconf 75' lang='lat'>251</span> <span class='ocrx_word' id='word_1_371' title='bbox 1148 1793 1186 1823; x_wconf 81' lang='lat' dir='ltr'>at</span> <span class='ocrx_word' id='word_1_372' title='bbox 1205 1794 1313 1834; x_wconf 75' lang='lat' dir='ltr'>parte</span> <span class='ocrx_word' id='word_1_373' title='bbox 1333 1801 1375 1823; x_wconf 66' lang='lat' dir='ltr'>ezr</span> <span class='ocrx_word' id='word_1_374' title='bbox 1395 1791 1481 1824; x_wconf 77' lang='lat' dir='ltr'>alia.</span> 
     </span>
    </p>
   </div>
   <div class='ocr_carea' id='block_1_19' title="bbox 1050 1848 1798 2171">
    <p class='ocr_par' dir='ltr' id='par_1_27' title="bbox 1050 1848 1798 2025">
     <span class='ocr_line' id='line_1_60' title="bbox 1103 1848 1796 1893; baseline 0.001 -11"><span class='ocrx_word' id='word_1_375' title='bbox 1103 1852 1155 1882; x_wconf 82' lang='lat'>14.</span> <span class='ocrx_word' id='word_1_376' title='bbox 1171 1849 1301 1892; x_wconf 70' lang='lat' dir='ltr'>qm&#39;ppe</span> <span class='ocrx_word' id='word_1_377' title='bbox 1315 1848 1394 1893; x_wconf 68' lang='lat' dir='ltr'><strong><em>ubzss]</em></strong></span> <span class='ocrx_word' id='word_1_378' title='bbox 1411 1848 1653 1893; x_wconf 75' lang='lat' dir='ltr'>ankniipfend</span> <span class='ocrx_word' id='word_1_379' title='bbox 1664 1859 1711 1883; x_wconf 86' lang='lat' dir='ltr'>an</span> <span class='ocrx_word' id='word_1_380' title='bbox 1728 1860 1796 1883; x_wconf 83' lang='lat' dir='ltr'>me—</span> 
     </span>
     <span class='ocr_line' id='line_1_61' title="bbox 1052 1896 1796 1940; baseline 0.001 -11"><span class='ocrx_word' id='word_1_381' title='bbox 1052 1896 1113 1930; x_wconf 81' lang='lat' dir='ltr'>dio</span> <span class='ocrx_word' id='word_1_382' title='bbox 1150 1897 1248 1930; x_wconf 82' lang='lat' dir='ltr'>alveo</span> <span class='ocrx_word' id='word_1_383' title='bbox 1288 1913 1323 1924; x_wconf 93' lang='lat'><strong><em>=</em></strong></span> <span class='ocrx_word' id='word_1_384' title='bbox 1357 1897 1489 1940; x_wconf 75' lang='lat' dir='ltr'>quippe</span> <span class='ocrx_word' id='word_1_385' title='bbox 1526 1897 1567 1930; x_wconf 74' lang='lat' dir='ltr'>m</span> <span class='ocrx_word' id='word_1_386' title='bbox 1603 1907 1673 1940; x_wconf 79' lang='lat' dir='ltr'>quo</span> <span class='ocrx_word' id='word_1_387' title='bbox 1710 1897 1796 1930; x_wconf 88' lang='lat' dir='ltr'>wel-</span> 
     </span>
     <span class='ocr_line' id='line_1_62' title="bbox 1052 1941 1798 1987; baseline 0.001 -11"><span class='ocrx_word' id='word_1_388' title='bbox 1052 1943 1138 1976; x_wconf 88' lang='lat' dir='ltr'>ches</span> <span class='ocrx_word' id='word_1_389' title='bbox 1153 1942 1192 1976; x_wconf 90' lang='lat' dir='ltr'>L.</span> <span class='ocrx_word' id='word_1_390' title='bbox 1208 1941 1422 1986; x_wconf 86' lang='lat' dir='ltr'>vermeidet,</span> <span class='ocrx_word' id='word_1_391' title='bbox 1445 1943 1493 1976; x_wconf 87' lang='lat' dir='ltr'>da</span> <span class='ocrx_word' id='word_1_392' title='bbox 1506 1954 1536 1987; x_wconf 79' lang='lat' dir='ltr'>q.</span> <span class='ocrx_word' id='word_1_393' title='bbox 1559 1945 1622 1987; x_wconf 73' lang='lat' dir='ltr'>qui</span> <span class='ocrx_word' id='word_1_394' title='bbox 1641 1943 1716 1977; x_wconf 86' lang='lat' dir='ltr'>fast</span> <span class='ocrx_word' id='word_1_395' title='bbox 1728 1955 1798 1977; x_wconf 83' lang='lat' dir='ltr'>nur</span> 
     </span>
     <span class='ocr_line' id='line_1_63' title="bbox 1050 1989 1796 2025; baseline 0 -1"><span class='ocrx_word' id='word_1_396' title='bbox 1050 1990 1089 2024; x_wconf 88' lang='lat' dir='ltr'>in</span> <span class='ocrx_word' id='word_1_397' title='bbox 1115 1989 1311 2023; x_wconf 85' lang='lat' dir='ltr'>einfachen</span> <span class='ocrx_word' id='word_1_398' title='bbox 1326 1989 1438 2023; x_wconf 86' lang='lat' dir='ltr'>Casus</span> <span class='ocrx_word' id='word_1_399' title='bbox 1465 1990 1680 2025; x_wconf 82' lang='lat' dir='ltr'>verwendet</span> <span class='ocrx_word' id='word_1_400' title='bbox 1691 1989 1796 2025; x_wconf 76' lang='lat' dir='ltr'>wir-d.</span> 
     </span>
    </p>

    <p class='ocr_par' dir='ltr' id='par_1_28' title="bbox 1051 2036 1796 2163">
     <span class='ocr_line' id='line_1_64' title="bbox 1097 2036 1796 2081; baseline 0.001 -11"><span class='ocrx_word' id='word_1_401' title='bbox 1097 2047 1198 2080; x_wconf 73' lang='lat' dir='ltr'>eques</span> <span class='ocrx_word' id='word_1_402' title='bbox 1221 2037 1298 2081; x_wconf 66' lang='lat' dir='ltr'>eta]</span> <span class='ocrx_word' id='word_1_403' title='bbox 1328 2037 1394 2071; x_wconf 90' lang='lat' dir='ltr'>der</span> <span class='ocrx_word' id='word_1_404' title='bbox 1419 2037 1492 2070; x_wconf 87' lang='lat' dir='ltr'>den</span> <span class='ocrx_word' id='word_1_405' title='bbox 1519 2036 1694 2071; x_wconf 85' lang='lat' dir='ltr'>Oberleib</span> <span class='ocrx_word' id='word_1_406' title='bbox 1720 2037 1796 2071; x_wconf 85' lang='lat' dir='ltr'>und</span> 
     </span>
     <span class='ocr_line' id='line_1_65' title="bbox 1051 2082 1796 2125; baseline 0.001 -9"><span class='ocrx_word' id='word_1_407' title='bbox 1051 2082 1110 2116; x_wconf 86' lang='lat' dir='ltr'>die</span> <span class='ocrx_word' id='word_1_408' title='bbox 1128 2082 1287 2125; x_wconf 86' lang='lat' dir='ltr'>Waffen,</span> <span class='ocrx_word' id='word_1_409' title='bbox 1315 2083 1349 2117; x_wconf 86' lang='lat' dir='ltr'>d.</span> <span class='ocrx_word' id='word_1_410' title='bbox 1367 2083 1402 2117; x_wconf 91' lang='lat' dir='ltr'>h.</span> <span class='ocrx_word' id='word_1_411' title='bbox 1428 2083 1500 2117; x_wconf 88' lang='lat' dir='ltr'>den</span> <span class='ocrx_word' id='word_1_412' title='bbox 1521 2082 1715 2117; x_wconf 75' lang='lat' dir='ltr'>Grebrauch</span> <span class='ocrx_word' id='word_1_413' title='bbox 1730 2084 1796 2118; x_wconf 80' lang='lat' dir='ltr'>des</span> 
     </span>
     <span class='ocr_line' id='line_1_66' title="bbox 1052 2129 1518 2171; baseline 0 -8"><span class='ocrx_word' id='word_1_414' title='bbox 1052 2129 1279 2171; x_wconf 81' lang='lat' dir='ltr'>Schwertes,</span> <span class='ocrx_word' id='word_1_415' title='bbox 1307 2129 1377 2163; x_wconf 84' lang='lat' dir='ltr'>frei</span> <span class='ocrx_word' id='word_1_416' title='bbox 1402 2129 1518 2163; x_wconf 73' lang='lat' dir='ltr'>hatte.</span> 
     </span>
    </p>
   </div>
   <div class='ocr_carea' id='block_1_20' title="bbox 1048 2186 1795 2419">
    <p class='ocr_par' dir='ltr' id='par_1_29' title="bbox 1048 2186 1795 2418">
     <span class='ocr_line' id='line_1_67' title="bbox 1098 2186 1795 2232; baseline 0.003 -11"><span class='ocrx_word' id='word_1_417' title='bbox 1098 2192 1152 2222; x_wconf 87' lang='lat'>15.</span> <span class='ocrx_word' id='word_1_418' title='bbox 1179 2188 1371 2230; x_wconf 64' lang='lat' dir='ltr'>qondam..</span> <span class='ocrx_word' id='word_1_419' title='bbox 1386 2188 1552 2232; x_wconf 76' lang='lat' dir='ltr'>,obtritiJ</span> <span class='ocrx_word' id='word_1_420' title='bbox 1570 2186 1610 2221; x_wconf 80' lang='grc' dir='ltr'>τὸ</span> <span class='ocrx_word' id='word_1_421' title='bbox 1624 2190 1795 2223; x_wconf 75' lang='grc' dir='ltr'><em>πλεῖστον</em></span> 
     </span>
     <span class='ocr_line' id='line_1_68' title="bbox 1049 2231 1794 2290; baseline 0.005 -24"><span class='ocrx_word' id='word_1_422' title='bbox 1049 2231 1158 2277; x_wconf 80' lang='grc' dir='ltr'><strong><em>μέρος</em></strong></span> <span class='ocrx_word' id='word_1_423' title='bbox 1190 2232 1384 2278; x_wconf 70' lang='grc' dir='ltr'><em>διεφθάρη</em></span> <span class='ocrx_word' id='word_1_424' title='bbox 1413 2234 1794 2290; x_wconf 75' lang='grc' dir='ltr'><em>παραπορευομένων</em></span> 
     </span>
     <span class='ocr_line' id='line_1_69' title="bbox 1048 2279 1795 2338; baseline 0.005 -25"><span class='ocrx_word' id='word_1_425' title='bbox 1048 2281 1120 2314; x_wconf 80' lang='grc' dir='ltr'>τῶν</span> <span class='ocrx_word' id='word_1_426' title='bbox 1146 2282 1292 2338; x_wconf 75' lang='grc' dir='ltr'><em>θηρίων</em></span> <span class='ocrx_word' id='word_1_427' title='bbox 1323 2279 1427 2325; x_wconf 78' lang='grc' dir='ltr'><strong><em>παρὰ</em></strong></span> <span class='ocrx_word' id='word_1_428' title='bbox 1459 2279 1499 2314; x_wconf 75' lang='grc' dir='ltr'>τὸ</span> <span class='ocrx_word' id='word_1_429' title='bbox 1526 2294 1564 2325; x_wconf 58' lang='grc' dir='ltr'>χε</span> <span class='ocrx_word' id='word_1_430' title='bbox 1550 2281 1645 2321; x_wconf 55' lang='lat' dir='ltr'>mog</span> <span class='ocrx_word' id='word_1_431' title='bbox 1679 2284 1795 2327; x_wconf 71' lang='lat' dir='ltr'>(ripa)</span> 
     </span>
     <span class='ocr_line' id='line_1_70' title="bbox 1048 2324 1793 2373; baseline 0.004 -13.012"><span class='ocrx_word' id='word_1_432' title='bbox 1048 2327 1112 2361; x_wconf 75' lang='grc' dir='ltr'>καὶ</span> <span class='ocrx_word' id='word_1_433' title='bbox 1138 2328 1223 2366; x_wconf 77' lang='grc' dir='ltr'><strong><em>τοὺς</em></strong></span> <span class='ocrx_word' id='word_1_434' title='bbox 1250 2324 1498 2373; x_wconf 70' lang='grc' dir='ltr'><strong><em>ἕμβαίνοιτας</em></strong></span> <span class='ocrx_word' id='word_1_435' title='bbox 1523 2326 1583 2362; x_wconf 76' lang='grc' dir='ltr'>ἀεὶ</span> <span class='ocrx_word' id='word_1_436' title='bbox 1604 2341 1793 2371; x_wconf 76' lang='grc' dir='ltr'>προκατα-</span> 
     </span>
     <span class='ocr_line' id='line_1_71' title="bbox 1050 2373 1469 2419; baseline 0.005 -12"><span class='ocrx_word' id='word_1_437' title='bbox 1050 2373 1316 2418; x_wconf 44' lang='grc' dir='ltr'>λαμβανόῖητων</span> <span class='ocrx_word' id='word_1_438' title='bbox 1342 2375 1469 2419; x_wconf 81' lang='lat' dir='ltr'>Polyb.</span> 
     </span>
    </p>
   </div>
   <div class='ocr_carea' id='block_1_21' title="bbox 1046 2433 1795 2948">
    <p class='ocr_par' dir='ltr' id='par_1_30' title="bbox 1049 2433 1795 2710">
     <span class='ocr_line' id='line_1_72' title="bbox 1101 2433 1795 2478; baseline 0.004 -12"><span class='ocrx_word' id='word_1_439' title='bbox 1101 2436 1152 2467; x_wconf 81' lang='grc'>16.</span> <span class='ocrx_word' id='word_1_440' title='bbox 1180 2445 1202 2466; x_wconf 86' lang='grc' dir='ltr'><em>α</em></span> <span class='ocrx_word' id='word_1_441' title='bbox 1222 2434 1371 2478; x_wconf 73' lang='lat' dir='ltr'>pavore]</span> <span class='ocrx_word' id='word_1_442' title='bbox 1400 2433 1509 2475; x_wconf 84' lang='lat' dir='ltr'>wird,</span> <span class='ocrx_word' id='word_1_443' title='bbox 1543 2433 1707 2468; x_wconf 86' lang='lat' dir='ltr'>obschon</span> <span class='ocrx_word' id='word_1_444' title='bbox 1733 2435 1795 2470; x_wconf 83' lang='lat' dir='ltr'>die</span> 
     </span>
     <span class='ocr_line' id='line_1_73' title="bbox 1051 2478 1792 2524; baseline 0.005 -12"><span class='ocrx_word' id='word_1_445' title='bbox 1051 2478 1287 2523; x_wconf 66' lang='lat' dir='ltr'>Praposition</span> <span class='ocrx_word' id='word_1_446' title='bbox 1323 2480 1361 2514; x_wconf 89' lang='lat' dir='ltr'>in</span> <span class='ocrx_word' id='word_1_447' title='bbox 1397 2480 1467 2515; x_wconf 89' lang='lat' dir='ltr'>den</span> <span class='ocrx_word' id='word_1_448' title='bbox 1494 2480 1650 2514; x_wconf 80' lang='lat' dir='ltr'>Hdschr.</span> <span class='ocrx_word' id='word_1_449' title='bbox 1686 2481 1792 2524; x_wconf 81' lang='lat' dir='ltr'>fehlt,</span> 
     </span>
     <span class='ocr_line' id='line_1_74' title="bbox 1050 2527 1795 2572; baseline 0.005 -13"><span class='ocrx_word' id='word_1_450' title='bbox 1050 2528 1214 2569; x_wconf 76' lang='lat' dir='ltr'>gestutzt</span> <span class='ocrx_word' id='word_1_451' title='bbox 1237 2527 1352 2560; x_wconf 85' lang='lat' dir='ltr'>durch</span> <span class='ocrx_word' id='word_1_452' title='bbox 1374 2527 1414 2569; x_wconf 76' lang='lat'>2,</span> <span class='ocrx_word' id='word_1_453' title='bbox 1440 2532 1494 2570; x_wconf 83' lang='lat'>50,</span> <span class='ocrx_word' id='word_1_454' title='bbox 1522 2532 1564 2562; x_wconf 88' lang='grc'>10</span> <span class='ocrx_word' id='word_1_455' title='bbox 1587 2530 1795 2572; x_wconf 70' lang='lat' dir='ltr'>respirandi</span> 
     </span>
     <span class='ocr_line' id='line_1_75' title="bbox 1049 2574 1794 2618; baseline 0.005 -12"><span class='ocrx_word' id='word_1_456' title='bbox 1049 2575 1209 2617; x_wconf 75' lang='lat' dir='ltr'>spatium</span> <span class='ocrx_word' id='word_1_457' title='bbox 1233 2574 1497 2618; x_wconf 71' lang='lat' dir='ltr'>recipiendique</span> <span class='ocrx_word' id='word_1_458' title='bbox 1516 2586 1539 2608; x_wconf 85' lang='lat' dir='ltr'>a</span> <span class='ocrx_word' id='word_1_459' title='bbox 1544 2586 1679 2618; x_wconf 74' lang='lat' dir='ltr'>pavore</span> <span class='ocrx_word' id='word_1_460' title='bbox 1692 2580 1794 2610; x_wconf 75' lang='lat' dir='ltr'>tanto</span> 
     </span>
     <span class='ocr_line' id='line_1_76' title="bbox 1050 2620 1792 2665; baseline 0.005 -12"><span class='ocrx_word' id='word_1_461' title='bbox 1050 2621 1232 2662; x_wconf 69' lang='lat' dir='ltr'>(mm&#39;mum;</span> <span class='ocrx_word' id='word_1_462' title='bbox 1258 2620 1298 2662; x_wconf 73' lang='lat'>4,</span> <span class='ocrx_word' id='word_1_463' title='bbox 1325 2625 1387 2663; x_wconf 76' lang='lat'>⁶25,</span> <span class='ocrx_word' id='word_1_464' title='bbox 1416 2625 1457 2655; x_wconf 74' lang='lat'>12</span> <span class='ocrx_word' id='word_1_465' title='bbox 1482 2622 1662 2665; x_wconf 55' lang='lat' dir='ltr'>respirare</span> <span class='ocrx_word' id='word_1_466' title='bbox 1685 2634 1708 2656; x_wconf 79' lang='lat' dir='ltr'>a</span> <span class='ocrx_word' id='word_1_467' title='bbox 1727 2624 1792 2657; x_wconf 34' lang='lat' dir='ltr'>mre?-</span> 
     </span>
     <span class='ocr_line' id='line_1_77' title="bbox 1052 2666 1791 2710; baseline 0.007 -11"><span class='ocrx_word' id='word_1_468' title='bbox 1052 2668 1123 2708; x_wconf 75' lang='lat' dir='ltr'>nis;</span> <span class='ocrx_word' id='word_1_469' title='bbox 1142 2666 1207 2708; x_wconf 76' lang='lat'>22,</span> <span class='ocrx_word' id='word_1_470' title='bbox 1226 2671 1278 2710; x_wconf 88' lang='grc'>18,</span> <span class='ocrx_word' id='word_1_471' title='bbox 1299 2672 1340 2701; x_wconf 88' lang='grc'>10</span> <span class='ocrx_word' id='word_1_472' title='bbox 1360 2668 1406 2702; x_wconf 84' lang='lat' dir='ltr'>ab</span> <span class='ocrx_word' id='word_1_473' title='bbox 1421 2669 1604 2702; x_wconf 67' lang='lat' dir='ltr'>continuis</span> <span class='ocrx_word' id='word_1_474' title='bbox 1618 2670 1791 2705; x_wconf 72' lang='lat' dir='ltr'>cladibus.</span> 
     </span>
    </p>

    <p class='ocr_par' dir='ltr' id='par_1_31' title="bbox 1046 2714 1793 2948">
     <span class='ocr_line' id='line_1_78' title="bbox 1098 2714 1793 2758; baseline 0.004 -11"><span class='ocrx_word' id='word_1_475' title='bbox 1098 2715 1240 2758; x_wconf 67' lang='lat' dir='ltr'>aymine</span> <span class='ocrx_word' id='word_1_476' title='bbox 1268 2715 1446 2757; x_wconf 76' lang='lat' dir='ltr'>quadrato</span> <span class='ocrx_word' id='word_1_477' title='bbox 1477 2714 1558 2748; x_wconf 65' lang='lat' dir='ltr'>lam,</span> <span class='ocrx_word' id='word_1_478' title='bbox 1593 2715 1631 2750; x_wconf 88' lang='lat' dir='ltr'>L.</span> <span class='ocrx_word' id='word_1_479' title='bbox 1666 2715 1793 2750; x_wconf 81' lang='lat' dir='ltr'>diesen</span> 
     </span>
     <span class='ocr_line' id='line_1_79' title="bbox 1052 2760 1793 2797; baseline 0.007 -5"><span class='ocrx_word' id='word_1_480' title='bbox 1052 2760 1367 2794; x_wconf 80' lang='lat' dir='ltr'>entseheidenden</span> <span class='ocrx_word' id='word_1_481' title='bbox 1387 2760 1551 2796; x_wconf 78' lang='lat' dir='ltr'>Vorstoss</span> <span class='ocrx_word' id='word_1_482' title='bbox 1576 2761 1640 2796; x_wconf 88' lang='lat' dir='ltr'>des</span> <span class='ocrx_word' id='word_1_483' title='bbox 1666 2762 1709 2796; x_wconf 90' lang='lat' dir='ltr'>H.</span> <span class='ocrx_word' id='word_1_484' title='bbox 1739 2774 1793 2797; x_wconf 83' lang='lat' dir='ltr'>er-</span> 
     </span>
     <span class='ocr_line' id='line_1_80' title="bbox 1051 2806 1793 2851; baseline 0.007 -12"><span class='ocrx_word' id='word_1_485' title='bbox 1051 2806 1193 2851; x_wconf 86' lang='lat' dir='ltr'>folgen,</span> <span class='ocrx_word' id='word_1_486' title='bbox 1221 2818 1295 2841; x_wconf 87' lang='lat' dir='ltr'>was</span> <span class='ocrx_word' id='word_1_487' title='bbox 1322 2807 1384 2841; x_wconf 90' lang='lat' dir='ltr'>bei</span> <span class='ocrx_word' id='word_1_488' title='bbox 1397 2808 1474 2842; x_wconf 89' lang='lat' dir='ltr'>Pol.</span> <span class='ocrx_word' id='word_1_489' title='bbox 1489 2807 1594 2842; x_wconf 87' lang='lat' dir='ltr'>nicht</span> <span class='ocrx_word' id='word_1_490' title='bbox 1607 2808 1793 2844; x_wconf 83' lang='lat' dir='ltr'>berichtet</span> 
     </span>
     <span class='ocr_line' id='line_1_81' title="bbox 1051 2852 1792 2898; baseline 0.007 -12"><span class='ocrx_word' id='word_1_491' title='bbox 1051 2852 1159 2895; x_wconf 77' lang='lat' dir='ltr'>wird,</span> <span class='ocrx_word' id='word_1_492' title='bbox 1181 2854 1255 2887; x_wconf 86' lang='lat' dir='ltr'>und</span> <span class='ocrx_word' id='word_1_493' title='bbox 1275 2855 1371 2888; x_wconf 87' lang='lat' dir='ltr'>auch</span> <span class='ocrx_word' id='word_1_494' title='bbox 1385 2866 1428 2888; x_wconf 91' lang='lat' dir='ltr'>zu</span> <span class='ocrx_word' id='word_1_495' title='bbox 1449 2855 1520 2889; x_wconf 91' lang='lat' dir='ltr'>den</span> <span class='ocrx_word' id='word_1_496' title='bbox 1534 2855 1691 2890; x_wconf 85' lang='lat' dir='ltr'>Worten</span> <span class='ocrx_word' id='word_1_497' title='bbox 1714 2860 1731 2898; x_wconf 65' lang='grc' dir='ltr'>ξ</span> <span class='ocrx_word' id='word_1_498' title='bbox 1750 2862 1792 2891; x_wconf 81' lang='lat'>14</span> 
     </span>
     <span class='ocr_line' id='line_1_82' title="bbox 1046 2901 1793 2948; baseline 0.007 -15"><span class='ocrx_word' id='word_1_499' title='bbox 1046 2901 1152 2944; x_wconf 74' lang='lat' dir='ltr'>pedes</span> <span class='ocrx_word' id='word_1_500' title='bbox 1168 2902 1352 2936; x_wconf 54' lang='lat' dir='ltr'>instabilis</span> <span class='ocrx_word' id='word_1_501' title='bbox 1363 2904 1431 2936; x_wconf 83' lang='lat' dir='ltr'>etc.</span> <span class='ocrx_word' id='word_1_502' title='bbox 1446 2901 1552 2936; x_wconf 86' lang='lat' dir='ltr'>nicht</span> <span class='ocrx_word' id='word_1_503' title='bbox 1565 2902 1793 2948; x_wconf 73' lang='lat' dir='ltr'>recht‘passt3</span> 
     </span>
    </p>
   </div>
  </div>
 </body>
</html>
