1882 3163
114 127 141 146 a
163 118 217 146 011.
239 119 299 144 216.
598 108 746 144 LIBER
770 108 883 144 xxii.
929 107 1030 143 oAP.
1058 112 1113 143 49.
1142 113 1197 145 50.
1632 109 1686 150 75
1728 85 1738 92 “

114 219 250 273 venit,
291 217 516 272 praesidiis
555 217 746 271 firment3
784 216 990 270 privatim
1030 217 1078 266 Q.
1117 216 1253 258 Fabio
1291 216 1525 258 Aemilium
1563 232 1683 272 prae-

117 280 340 332 ceptorum
373 278 462 318 eius
494 290 726 317 memorem
758 277 801 316 et
831 275 989 316 vixisse
1022 275 1159 317 adhuc
1193 279 1235 317 et
1267 277 1388 318 mori.
1450 278 1609 317 memet
1640 277 1684 318 in
1713 287 1754 318 11

112 336 194 378 hac
221 339 365 391 strage
385 336 569 377 militum
597 349 788 376 meorum
814 336 963 388 patere
991 335 1197 388 expirare,
1223 349 1276 376 ne
1304 339 1377 377 aut
1403 350 1500 377 reus
1527 335 1683 376 iterum

115 410 138 436 e
177 396 402 437 consulatu
441 395 522 436 sim
569 397 644 435 aut
688 396 913 435 accusator
958 393 1162 447 conlegae
1206 394 1406 448 existam,
1450 397 1498 435 ut
1541 395 1682 436 alieno

113 455 290 496 crimine
321 453 614 495 innocentiam
646 465 787 493 meam
819 452 1081 507 protegam“.
1131 452 1237 493 haec
1264 467 1337 494 eos
1365 454 1533 508 agentis
1560 455 1680 508 prius
1711 464 1754 495 12

112 514 241 555 turba
272 513 528 568 fugientium
561 512 736 565 civium,
776 511 927 552 deinde
965 511 1111 552 hostes
1152 526 1424 565 oppressere,
1464 513 1683 554 consulem

113 573 386 629 ignorantes,
419 573 513 626 quis
539 574 671 622 esset,
702 570 882 612 obruere
909 570 1027 623 telis,
1054 569 1283 611 Lentulum
1309 571 1422 612 inter
1447 572 1681 613 tumultum

112 631 303 685 abripuit
341 645 486 685 equus.
553 632 646 670 tum
690 629 877 684 undique
923 629 1055 670 effuse
1101 629 1284 684 fugiunt.
1357 634 1520 684 septem
1563 631 1683 672 milia
1711 643 1753 674 13

111 690 336 731 hominum
374 690 419 730 in
450 690 620 730 minora
652 692 812 740 eastra,
851 688 997 729 decem
1036 688 1081 729 in
1119 689 1302 742 maiora,
1342 689 1424 730 duo
1463 688 1597 730 ferme
1638 690 1683 731 in

79 791 89 803 ,
114 750 255 790 vicum
286 749 428 803 ipsum
462 747 633 790 Cannas
666 747 966 802 perfugerunt3
1005 748 1077 802 qui
1115 748 1330 801 extemplo
1364 763 1389 789 a
1421 746 1682 790 Carthalone

111 812 240 863 atque
286 808 502 862 equitibus
546 808 666 849 nullo
705 808 972 848 munimento
1009 809 1182 862 tegente
1221 807 1363 848 vicum
1405 807 1683 848 circumventi

111 870 222 909 sunt.
285 867 434 908 consul
468 867 577 907 alter
609 881 683 908 seu
716 866 828 907 forte
862 880 936 907 seu
969 866 1149 907 consilio
1181 866 1291 906 nulli
1328 866 1587 920 fugientium
1619 867 1681 906 in·
1711 879 1754 909 14

112 928 252 967 sertus
285 926 469 982 agmini,
503 941 600 967 cum
628 926 944 980 quinquaginta
971 925 1059 966 fere
1087 925 1302 979 equitibus
1324 924 1563 966 Venusiam
1590 940 1681 980 per-

108 985 234 1040 fugit.
291 985 578 1040 quadraginta
611 985 799 1039 quinque
832 984 952 1026 milia
985 984 1211 1039 quingenti
1238 984 1420 1038 pedites,
1453 985 1536 1026 duo
1564 985 1684 1026 milia
1712 997 1755 1027 15

110 1045 373 1100 septingenti
417 1045 600 1099 equites,
649 1047 691 1085 et
734 1045 950 1085 tantadem
994 1059 1127 1098 prope
1174 1044 1331 1085 civium
1383 1043 1683 1098 sociorumque

108 1118 232 1158 parS,
263 1104 375 1145 caesi
401 1104 616 1156 dicuntur3
650 1103 695 1144 in
727 1103 793 1144 his
821 1104 948 1144 ambo
976 1103 1201 1144 consulum
1227 1105 1490 1157 quaestores,
1523 1103 1569 1144 L.
1589 1102 1682 1144 Ati·
1711 1116 1753 1146 16

108 1162 191 1204 lius
231 1166 274 1203 et
304 1162 352 1204 L.
385 1161 539 1203 Furius
573 1161 824 1216 Bibaculus,
865 1165 906 1202 et
945 1161 1242 1216 undetriginta
1278 1162 1442 1203 tribuni
1481 1162 1681 1215 militum,

108 1222 356 1263 consulares
401 1221 575 1276 quidam
622 1222 911 1275 praetoriique
957 1223 999 1261 et
1045 1221 1228 1262 aedilicii
1265 1246 1314 1249 —
1350 1221 1463 1262 inter
1502 1235 1573 1263 eos
1607 1219 1682 1263 Cn.

109 1279 339 1322 Servilium
371 1279 598 1322 Geminum
636 1284 679 1321 et
717 1279 773 1321 M.
805 1279 1040 1321 Minucium
1079 1283 1324 1332 numerant,
1363 1280 1435 1334 qui
1474 1280 1683 1335 magister

108 1339 301 1394 equitum
335 1340 479 1394 priore
513 1354 644 1393 anno,
678 1339 842 1393 aliquot
868 1339 992 1380 annis
1015 1342 1114 1380 ante
1135 1339 1274 1380 consul
1300 1339 1439 1380 fuerat
1464 1363 1534 1394 —,
1568 1343 1681 1381 octo·
1710 1352 1752 1384 17

111 1400 234 1455 ginta
267 1401 490 1454 praeterea
522 1402 597 1440 aut
630 1401 852 1440 senatores
886 1402 960 1440 aut
992 1399 1065 1452 qui
1097 1413 1170 1440 eos
1204 1399 1489 1453 magistratus
1526 1399 1681 1453 gessis-

109 1460 222 1511 sent,
248 1459 359 1499 unde
385 1459 430 1499 in
457 1461 655 1499 senatum
682 1458 769 1513 legi
795 1458 1020 1512 deberent,
1047 1472 1142 1499 cum
1170 1472 1246 1499 sua
1271 1458 1495 1499 voluntate
1522 1458 1680 1499 milites

107 1517 154 1558 in
178 1517 424 1572 legionibus
451 1517 553 1558 facti
581 1519 734 1558 essent.
785 1519 911 1570 capta
944 1531 992 1558 eo
1026 1517 1190 1571 proelio
1223 1517 1309 1557 tria
1335 1516 1458 1557 milia
1487 1517 1680 1571 peditum
1709 1530 1752 1561 18

107 1579 149 1616 et
193 1577 356 1630 equites
401 1576 520 1617 mille
566 1580 608 1617 et
656 1577 883 1631 quingenti
930 1576 1141 1617 dicuntur.
1187 1600 1234 1604 —
1282 1575 1395 1617 Haec
1430 1579 1495 1616 est
1536 1590 1681 1631 pugna
1704 1582 1754 1618 50

107 1634 354 1685 Cannensis,
388 1635 553 1676 Aliensi
586 1635 695 1676 cladi
727 1635 955 1676 nobilitate
988 1649 1084 1689 par,
1124 1638 1313 1676 ceterum
1345 1637 1394 1675 ut
1424 1635 1530 1688 illis,
1571 1650 1679 1690 quae
1706 1648 1726 1679 2

106 1697 207 1748 post
238 1707 429 1749 pugnam
463 1694 672 1748 accidere,
705 1694 858 1748 levior,
891 1695 990 1749 quia
1023 1695 1077 1736 ab
1109 1693 1235 1735 hoste
1266 1697 1331 1735 est
1358 1697 1586 1748 cessatum,
1620 1695 1680 1736 sic

157 1813 305 1845 12—14.
350 1810 436 1844 haec
463 1837 469 1843 .
500 1838 506 1844 .
534 1811 674 1855 ayentis
707 1821 753 1844 an
790 1811 854 1845 der

108 1857 233 1901 Spi'tze
265 1857 330 1891 des
367 1856 497 1892 Satzes
527 1862 556 1898 1,
583 1861 640 1900 56,
666 1861 699 1892 4.
737 1861 794 1899 29,
821 1861 855 1900 4,

928 1810 1069 1854 Eutrop
1097 1814 1128 1853 3,
1159 1814 1202 1844 10
1229 1814 1346 1845 40000
1373 1809 1483 1843 Mann
1523 1822 1565 1844 zu
1592 1810 1678 1845 Fuss

929 1857 1005 1891 und
1025 1860 1118 1891 3500
1134 1856 1272 1899 Reiter‚
1299 1858 1394 1892 nach
1419 1861 1476 1898 25,
1491 1861 1522 1899 6,
1541 1861 1582 1891 13
1603 1857 1679 1891 und

110 1908 130 1938 3
159 1904 232 1938 und
262 1904 334 1946 oft,
360 1903 471 1938 meist
497 1904 592 1938 ohne
619 1915 699 1945 e0s;
728 1916 770 1938 zu
797 1908 855 1948 21,

110 1955 167 1994 50,
184 1955 215 1985 7.
233 1971 274 1976 —
290 1951 458 1985 obruere:
484 1951 543 1985 die
559 1951 856 1985 Perfektformen

110 1998 178 2032 auf
200 2009 270 2040 ere,
299 2009 370 2032 von
394 1997 521 2033 Cicero
543 1998 766 2041 vermieden,
793 2009 854 2043 ge-

111 2046 228 2080 horen
254 2046 318 2079 der
345 2044 585 2080 archaischen
608 2045 770 2089 Sprache
797 2057 855 2088 an,

108 2092 231 2127 haben
259 2092 339 2127 sich
367 2091 454 2126 aber
483 2092 521 2126 in
549 2093 612 2126 der
638 2092 852 2127 Geschicht-

107 2139 332 2185 schreibung
358 2150 488 2184 wegen
514 2139 612 2174 ihrer
638 2140 854 2184 Abhangig-

108 2185 190 2222 keit
214 2198 286 2221 von
314 2187 385 2221 den
412 2186 564 2222 annales
591 2186 744 2221 maximi
766 2187 854 2221 viel-

107 2234 193 2269 fach
220 2234 399 2277 erhalten,
431 2234 568 2279 gerade
595 2235 633 2268 in
661 2234 855 2269 Schlacht-

109 2281 406 2326 schilderungen,
422 2280 483 2317 bei
494 2281 633 2316 Sallust
647 2281 722 2316 fast
736 2282 854 2326 regel-

108 2327 241 2374 massig
272 2329 312 2362 in
343 2329 408 2364 der
446 2328 694 2363 historischen
721 2329 854 2363 Erzah-

108 2375 209 2421 lung.
261 2376 344 2420 Vgl.
375 2375 466 2410 Cato
502 2375 561 2409 bei
595 2375 736 2410 Gellius
762 2380 795 2419 3,
824 2380 854 2419 7,

112 2427 165 2457 19.
196 2443 236 2447 —
264 2423 445 2467 undique,
479 2434 508 2456 c.
537 2427 592 2465 29,
621 2427 658 2465 5;
692 2424 857 2468 suyiunt,

108 2482 152 2505 zu
191 2473 210 2512 ξ
249 2474 271 2504 4
309 2470 458 2514 pellere.
499 2490 542 2494 —
582 2471 706 2504 consul
744 2471 857 2511 alter,-

108 2518 255 2561 Appian
304 2517 501 2560 Τερέντιος
545 2513 676 2556 αὐτοῖς
727 2515 855 2561 ἐξῆρχε

107 2565 173 2608 τῆς
207 2565 349 2608 φυγῆς,
386 2574 566 2609 wogegen
591 2575 630 2598 er
657 2563 692 2597 in
721 2564 856 2599 Schutz

109 2622 330 2656 genonimen
357 2611 449 2645 wird
477 2623 549 2645 von
570 2611 855 2646 Pseudofrontin

108 2662 142 2702 4,
177 2663 207 2701 5,
236 2662 267 2693 6.
310 2679 349 2683 —
389 2659 678 2703 quinquaqinta,
719 2658 787 2693 wie
824 2670 852 2692 c.

108 2708 165 2748 50,
192 2710 211 2740 3
240 2706 314 2740 und
348 2709 404 2749 23,
434 2710 488 2749 11,
515 2709 547 2747 9,
587 2716 765 2750 wogegen
798 2709 854 2749 25,

111 2755 142 2793 6,
171 2756 213 2787 13
246 2754 283 2787 in
316 2753 417 2787 einer
449 2752 551 2787 Rede
588 2753 663 2786 und
691 2752 749 2787 bei
777 2752 852 2787 Pol.

111 2808 141 2831 c.
188 2803 275 2843 117,
327 2805 346 2834 2
400 2799 588 2844 siebenzig
638 2800 852 2844 angegeben

114 2845 271 2881 werden.

162 2895 309 2928 15—18.
348 2895 458 2939 quad.
491 2895 648 2938 quinque
680 2905 724 2927 ⁷71.
761 2894 855 2928 nach

929 1904 1076 1948 Appian
1097 1908 1226 1946 50000,
1250 1905 1344 1938 nach
1367 1904 1574 1945 Quintilian
1595 1908 1626 1946 8,
1644 1909 1675 1947 6,

930 1955 974 1985 26
1008 1955 1136 1993 60000,
1169 1951 1265 1986 nach
1299 1952 1375 1986 Pol.
1405 1962 1432 1985 c.
1465 1955 1529 1986 117
1558 1963 1679 1996 gegen

931 2002 1058 2034 70000.
1087 2019 1130 2023 -—
1159 1999 1361 2041 tantadem,
1390 1999 1529 2033 seltene
1556 1999 1678 2041 Form,

930 2045 978 2080 da
1006 2045 1196 2080 Klassiker
1236 2057 1304 2080 nur
1343 2046 1562 2080 tantundem
1603 2047 1678 2080 und

929 2093 1000 2127 den
1047 2092 1134 2128 Gen.
1187 2093 1371 2127 tantidem
1423 2093 1676 2136 gebrauchem

929 2140 1023 2174 doch
1057 2140 1173 2174 findet
1205 2140 1283 2174 sich
1319 2141 1378 2174 bei
1405 2139 1570 2175 Juristen
1598 2144 1678 2175 tan-

928 2187 1081 2221 tandem
1120 2200 1320 2230 summam,
1361 2189 1516 2232 partem.
1554 2209 1598 2213 —
1632 2188 1676 2224 L.

929 2236 1091 2278 Atilius,
1124 2235 1201 2269 also
1228 2235 1333 2269 nicht
1359 2234 1424 2270 der
1451 2235 1585 2269 Consul
1613 2236 1676 2269 des

927 2282 959 2317 J.
988 2286 1077 2325 217,
1118 2293 1147 2318 c.
1175 2286 1231 2326 40,
1259 2287 1290 2317 6.
1331 2303 1374 2307 ——
1413 2283 1677 2328 undetriyinta,

929 2340 1001 2364 von
1023 2332 1068 2364 48
1094 2328 1145 2363 im
1171 2341 1332 2374 ganzen;
1361 2329 1434 2373 vgl.
1457 2342 1487 2364 c.
1513 2334 1568 2373 53,
1588 2335 1614 2363 1.
1633 2350 1676 2354 ——

929 2378 1154 2420 consulares,
1190 2376 1413 2421 Apposition
1453 2389 1495 2411 zu
1533 2377 1672 2411 tribuni

930 2423 1023 2458 mil.:
1051 2425 1147 2459 nach
1174 2424 1317 2468 Eutrop
1340 2428 1371 2468 3,
1395 2428 1437 2458 10
1459 2424 1676 2468 (perierunt)

931 2471 1099 2506 consules
1119 2473 1157 2505 et
1182 2470 1360 2515 praetorii
1382 2471 1460 2513 XX,
1487 2472 1674 2505 senatores

931 2519 1033 2562 capti
1059 2520 1125 2552 aut
1151 2518 1262 2552 occisi
1290 2517 1411 2561 XXX,
1439 2517 1580 2552 nobiles
1608 2518 1676 2552 viri

932 2564 1035 2606 CCC3
1063 2566 1122 2599 die
1148 2565 1328 2599 Periocha
1353 2576 1504 2599 unseres
1532 2564 1675 2599 Buches

931 2615 1047 2646 nennt
1079 2616 1123 2646 90
1157 2612 1358 2646 Senatoren
1398 2612 1470 2645 und
1510 2616 1554 2647 30
1591 2613 1675 2647 ehe-

928 2658 1065 2704 rnalige
1117 2658 1302 2701 Consuln,
1359 2659 1536 2693 Pratorcn
1588 2659 1676 2693 oder

928 2705 1073 2740 Adilen.
1103 2726 1144 2730 —
1172 2715 1240 2739 sua
1266 2707 1468 2748 voluntate,
1495 2706 1675 2749 volentes,

930 2750 1099 2795 ἔκόντεςς
1127 2764 1155 2787 c.
1184 2756 1240 2795 38,
1268 2757 1287 2788 3
1315 2753 1388 2787 und
1416 2765 1457 2786 zu
1484 2757 1541 2796 21,
1563 2757 1619 2796 39,
1641 2758 1672 2788 4.

931 2821 967 2824 ——
1001 2801 1195 2842 (licuntur,
1224 2799 1292 2834 wie
1320 2801 1433 2834 echon
1460 2804 1479 2842 ξ
1508 2805 1563 2843 15,
1590 2801 1674 2835 weil

929 2847 1008 2881 hier
1036 2847 1072 2881 L.
1101 2847 1205 2881 nicht
1231 2848 1312 2882 dem
1342 2847 1457 2891 Polyb
1484 2847 1588 2893 folgt.

977 2894 1038 2937 50,
1069 2899 1157 2928 1—3
1196 2895 1403 2935 nobilitate;
1430 2895 1502 2939 vgl.
1524 2907 1552 2930 c.
1576 2899 1630 2938 43,
1653 2900 1672 2930 9
