1882 3163
216 101 270 144 58
703 100 847 135 LIBER
873 100 983 137 XXV.
1024 99 1124 136 CAP.
1152 105 1206 137 27.
1233 105 1288 137 28.

1569 119 1595 138 a.
1618 120 1645 138 u.
1665 118 1689 138 e.
1710 113 1770 139 542.

215 199 301 240 iam
332 197 468 251 Euro,
501 197 573 252 qui
603 212 678 251 per
710 197 800 239 dies
834 197 996 252 aliquot
1028 198 1254 253 saevierat,
1284 198 1401 252 prior
1432 196 1648 241 Bomilcar
1679 214 1767 241 mo-

215 258 293 312 vit,
337 257 456 299 cuius
495 257 634 310 primo
677 257 824 298 classis
864 258 1007 311 petere
1048 257 1184 299 altum
1223 258 1316 299 visa
1356 259 1437 312 est,
1479 272 1562 312 quo
1601 257 1770 300 facilius

148 328 189 357 12
217 318 436 370 superaret
479 316 837 370 promunturium.
909 318 1095 358 ceterum
1138 319 1367 371 postquam
1411 317 1586 358 tendere
1630 317 1683 358 ad
1728 331 1772 359 se

214 375 431 417 Romanas
462 389 593 416 naves
625 375 745 429 vidit,
776 375 998 429 incertum,
1031 390 1113 430 qua
1145 376 1287 417 subita
1317 375 1490 417 territus
1523 390 1580 430 re,
1611 376 1772 418 Bomil-

215 449 287 476 car
318 435 413 476 vela
444 434 489 475 in
521 434 657 475 altum
689 434 805 475 dedit
835 434 1063 489 missisque
1089 435 1251 476 nuntiis
1281 434 1546 488 Heracleam,
1578 435 1650 490 qui
1676 450 1772 478 one-

214 494 350 535 rarias
383 494 498 535 retro
531 493 629 534 inde
649 492 840 535 Africam
871 496 1061 548 repetere
1087 494 1293 547 iuberent,
1320 494 1410 548 ipse
1437 492 1625 536 Siciliam
1652 508 1771 549 prae-

147 564 187 594 13
214 554 426 594 tervectus
457 552 693 594 Tarentum
724 553 844 607 petit.
893 552 1106 607 Epicydes
1139 569 1163 595 a
1188 555 1312 595 tanta
1337 555 1510 607 repente
1542 553 1770 595 destitutus

216 626 302 666 spe,
334 626 387 653 ne
419 612 531 653 intra
565 612 830 654 obsidionem
863 627 1021 668 magna
1055 627 1104 654 ex
1129 615 1251 668 parte
1279 615 1428 667 captae
1454 612 1571 654 urbis
1602 613 1772 668 rediret,

214 671 504 727 Agrigentum
535 671 736 727 navigat,
775 674 1073 726 expectaturus
1111 672 1247 728 magis
1287 674 1483 713 eventum
1516 686 1642 727 quam
1674 671 1771 714 inde

215 731 442 785 quicquam
474 733 679 773 moturus.

144 790 199 831 28
334 790 450 839 Quae
487 789 561 831 ubi
602 790 646 831 in
691 792 833 831 castra
871 788 1109 831 Siculorum
1153 792 1254 831 sunt
1296 790 1512 841 nuntiata,
1551 789 1773 845 Epicyden

215 847 436 904 Syracusis
471 849 720 900 excessisse,
754 863 778 889 a
810 846 1242 903 Carthaginiensibus
1284 849 1477 890 relictam
1510 849 1697 890 insulam
1730 852 1773 892 et

167 919 186 949 2
213 923 346 962 prope
378 908 532 949 iterum
565 907 769 949 traditam
801 906 1028 961 Romanis,
1066 907 1231 962 legatos
1265 907 1314 948 de
1347 907 1666 950 condicionibus
1700 908 1770 950 de-

214 967 373 1009 dendae
412 967 528 1008 urbis
567 967 790 1020 explorata
826 966 944 1020 prius
982 981 1059 1020 per
1097 966 1321 1020 conloquia
1359 967 1579 1008 voluntate
1612 982 1771 1023 eorum,

166 1038 185 1068 3
215 1027 286 1081 qui
331 1026 656 1079 obsidebantur,
701 1025 754 1066 ad
797 1024 1049 1067 Marcellum
1085 1025 1274 1067 mittunt.
1343 1039 1438 1067 cum
1481 1025 1596 1067 haud
1638 1026 1771 1068 ferme

213 1085 492 1140 discreparet,
537 1085 639 1139 quin
690 1099 797 1139 quae
846 1085 1003 1139 ubique
1047 1099 1196 1140 regum
1241 1084 1441 1138 fuissent,
1480 1084 1772 1127 Romanorum

213 1148 368 1198 essent,
402 1143 553 1185 Siculis
587 1146 727 1185 cetera
759 1158 853 1185 cum
885 1144 1085 1185 libertate
1111 1158 1160 1185 ac
1184 1144 1349 1199 legibus
1377 1144 1463 1185 suis
1491 1147 1772 1200 servarentur,

213 1204 399 1245 evocatis
442 1203 494 1244 ad
539 1203 811 1258 conloquium
851 1203 921 1253 iis,
962 1203 1115 1257 quibus
1157 1203 1210 1244 ab
1247 1203 1439 1257 Epicyde
1482 1203 1663 1245 creditae
1703 1218 1771 1246 res

165 1275 186 1305 4
214 1265 345 1317 erant,
377 1263 532 1304 missos
566 1277 609 1304 se
643 1262 770 1303 simul
803 1262 855 1304 ad
876 1260 1137 1316 Marcellum,
1170 1262 1295 1303 simul
1328 1262 1379 1303 ad
1407 1276 1477 1304 cos
1505 1263 1558 1304 ab
1585 1263 1772 1305 exercitu

214 1320 453 1363 Siculorum
482 1322 614 1376 aiunt,
641 1324 688 1363 ut
713 1336 799 1363 una
825 1322 1028 1375 omnium,
1056 1321 1127 1376 qui
1149 1321 1445 1363 obsiderentur
1471 1321 1624 1377 quique
1652 1325 1770 1364 extra

213 1381 478 1422 obsidionem
510 1381 704 1434 fuissent,
736 1381 907 1422 fortuna
941 1383 1064 1427 esset,
1095 1395 1201 1422 neve
1235 1381 1357 1422 alteri
1388 1381 1557 1435 proprie
1585 1381 1666 1422 sibi
1697 1396 1770 1436 pa-

165 1453 184 1483 5
212 1440 470 1482 ciscerentur
508 1440 745 1495 quicquam.
813 1440 973 1495 recepti
1014 1439 1164 1481 deinde
1213 1439 1265 1481 ab
1307 1440 1468 1494 iisfut
1507 1441 1769 1483 necessarios

260 1596 314 1626 11.
341 1592 464 1638 morit]
494 1604 521 1626 s.
549 1603 591 1625 zu
618 1596 649 1635 9,
678 1596 708 1626 7.

253 1651 391 1697 primo]
424 1650 475 1684 im
502 1650 709 1695 Gegensatz
735 1662 778 1684 zu
803 1655 955 1685 eeterzmz

214 1700 246 1740 (ἓ
275 1700 349 1742 12),
377 1698 511 1742 gehort
536 1710 579 1732 zu
603 1699 683 1733 rcisa
708 1703 774 1733 est:
807 1698 866 1732 (lie
893 1709 954 1731 an-

212 1744 320 1790 fangs
356 1745 452 1779 ‘nur’
488 1745 547 1779 die
581 1744 699 1780 offene
727 1745 794 1779 See
827 1757 869 1779 zu
902 1756 954 1779 er-

213 1794 362 1827 streben
388 1792 531 1835 schien,
559 1792 677 1826 damit
699 1821 705 1827 .
729 1821 735 1827 .

263 1856 314 1886 12.
353 1852 556 1898 onerarias]
590 1852 684 1886 ohne
719 1863 846 1895 pares,
885 1851 954 1886 wie

214 1903 269 1941 31,
300 1903 351 1934 13.

258 1962 353 1993 retro
392 1958 566 2004 repetere]
612 1962 706 1993 retro
743 1957 836 1992 Wird
873 1958 956 1992 sehr

212 2005 339 2049 haufig
370 2017 413 2039 zu
438 2005 603 2049 Vei-ben,
637 2005 696 2039 die
728 2005 798 2039 mit
828 2017 866 2040 re
897 2017 954 2039 zu-

214 2053 523 2096 sammengesetzt
562 2052 661 2095 sind,
699 2053 955 2097 pleonastisch

212 2099 473 2144 hinzugefflgt,
501 2112 528 2134 z.
556 2099 595 2134 B.
624 2100 688 2142 24,
716 2104 777 2143 20,
804 2105 824 2135 3
853 2101 955 2135 Mar-

214 2147 322 2181 cellus
351 2151 464 2190 retro,
496 2148 592 2182 unde
622 2151 783 2190 venerat,
821 2148 955 2182 Nolcmz

212 2194 331 2228 rediit.
393 2194 459 2236 22,
500 2197 559 2236 18,
592 2198 610 2228 7
649 2198 742 2229 retro
780 2194 955 2238 Apuliam

212 2244 371 2285 repetens
420 2240 636 2275 Gereonium
672 2243 838 2285 pera-enit
880 2241 955 2275 und

215 2289 328 2322 sonst.

255 2335 534 2380 praetervectas]
562 2334 641 2369 Liv.
667 2334 734 2368 hat
760 2334 839 2369 eine
865 2335 955 2368 Vor-

214 2381 311 2417 liebe
343 2381 402 2416 fi'ir
435 2381 650 2426 Composita
681 2381 750 2416 mit
774 2394 868 2426 prae
905 2381 956 2415 im

215 2429 326 2464 Sinne
352 2440 425 2464 von
444 2433 590 2474 praeter
610 2430 650 2473 (Z.
671 2429 711 2464 B.
735 2430 803 2463 mit
830 2429 956 2464 einer

214 2476 426 2511 Ausnahme
453 2477 544 2510 stets
570 2487 657 2521 equo
676 2477 859 2521 praet-ehi,
885 2476 955 2511 wie

214 2522 275 2568 24,
289 2527 345 2566 44,
371 2525 443 2567 10),
462 2523 550 2558 aber
563 2535 649 2557 vom
662 2523 956 2568 Entlangsegeln

215 2581 262 2604 an
288 2570 390 2605 einer
414 2570 531 2605 Kriste
557 2570 763 2615 gebraucht
795 2582 835 2605 er
864 2572 955 2606 stets

216 2619 398 2664 (navibus)
413 2618 639 2662 praetervehi
657 2618 726 2652 mit
739 2618 838 2662 Acc.,
865 2630 892 2653 z,
914 2619 953 2653 B.

215 2664 275 2707 21,
302 2669 358 2708 41,
385 2669 417 2699 3.
454 2665 513 2708 26,
540 2669 596 2710 39,
623 2669 653 2700 2.

266 2727 319 2757 13.
349 2724 539 2758 destitutas
565 2735 588 2758 a
612 2724 687 2769 spe]
716 2735 755 2758 so
783 2723 955 2768 gewohn-

216 2768 293 2802 lich
306 2770 367 2804 bei
381 2770 472 2813 Liv.,
488 2770 584 2804 doch
599 2771 694 2804 auch
714 2770 782 2805 mit
795 2771 956 2805 blossem

217 2814 318 2859 Abi,
339 2816 408 2851 wie
429 2817 489 2862 29,
507 2822 562 2861 24,
577 2822 596 2852 2
617 2829 749 2863 magma
769 2829 830 2863 spe
850 2819 955 2853 desti-

216 2865 315 2897 tutus
339 2868 425 2898 erat.

1075 1591 1175 1625 intra
1207 1591 1425 1626 obsidionem
1454 1590 1501 1635 οι]
1535 1590 1609 1635 vgl.
1642 1594 1703 1633 28,
1737 1596 1767 1626 2.

1028 1641 1084 1680 30,
1111 1642 1131 1673 3
1159 1639 1330 1679 obsiderz‘3
1359 1637 1566 1681 Gegensatz
1593 1641 1647 1680 28,
1675 1643 1706 1672 4.

1075 1685 1134 1728 28,
1166 1691 1192 1719 1.
1229 1690 1349 1720 castra
1374 1685 1593 1730 Siculorum]
1620 1684 1659 1718 in
1683 1684 1770 1719 wel-

1029 1732 1136 1766 chem
1168 1732 1247 1766 sich
1280 1732 1346 1766 das
1380 1736 1440 1774 27,
1468 1735 1487 1766 9
1520 1732 1768 1776 angcdeutete

1027 1779 1126 1813 Heer
1151 1779 1331 1821 befindet3
1359 1791 1386 1813 s.
1414 1783 1432 1821 ξ
1459 1783 1489 1812 4.

1030 1826 1218 1907 Chiterum]
1259 1838 1339 1860 zum
1369 1827 1490 1861 ersten
1514 1825 1613 1861 Male
1640 1830 1707 1862 241
1734 1839 1768 1862 V.

1052 1898 1053 1901 η
1084 1885 1111 1908 r.

1075 1925 1107 1956 2.
1141 1921 1412 1956 condicionibus
1447 1921 1627 1956 dedendae
1651 1922 1768 1967 urbis]

1028 1968 1158 2003 kfirzer
1184 1969 1243 2009 27,
1266 1972 1320 2012 15,
1341 1972 1361 2003 3
1388 1969 1545 2011 eandem,
1572 1980 1662 2013 quae
1680 1970 1769 2004 data

1028 2016 1194 2050 Lucanis
1218 2020 1312 2059 erat,
1345 2016 1588 2050 condicionem
1620 2017 1770 2052 deditio-

1027 2065 1086 2098 ‘m's
1106 2067 1264 2107 petentes
1289 2067 1471 2098 venerunt.

1075 2110 1237 2155 mittunt]
1266 2110 1332 2144 das
1360 2109 1513 2153 Subjeot
1532 2109 1676 2154 ergiebt
1706 2110 1771 2145 der

1030 2157 1358 2201 Zusammenhang.

1076 2209 1106 2239 3.
1127 2205 1226 2239 haud
1239 2205 1468 2248 discreparet,
1486 2203 1590 2248 quin]
1612 2203 1693 2238 eine
1707 2202 1769 2238 bei

1028 2250 1106 2284 Liv.
1145 2250 1337 2285 mehrfach
1375 2250 1619 2294 angewandte
1651 2250 1769 2284 Rede-

1027 2297 1155 2340 weise,
1183 2297 1242 2331 die
1265 2297 1405 2332 Constr.
1427 2296 1497 2330 mit
1515 2298 1616 2342 qaia,
1643 2296 1712 2331 wie
1732 2297 1767 2341 2,

1030 2349 1060 2388 1,
1082 2349 1102 2379 3
1123 2356 1233 2389 neque
1252 2345 1461 2390 ambiaitur,
1481 2345 1580 2389 quin.
1613 2344 1673 2388 23,
1695 2349 1726 2388 6,
1747 2349 1767 2380 2

1027 2403 1137 2437 ‘neque
1146 2394 1416 2427 controversiam
1432 2393 1519 2435 fore,
1533 2392 1621 2436 quin
1635 2403 1668 2425 u.
1678 2402 1710 2425 a.
1719 2403 1766 2426 m.

1076 2441 1142 2483 iis,
1178 2440 1323 2485 quibus]
1363 2439 1422 2473 die
1459 2438 1605 2473 Namen
1641 2437 1768 2483 folgen

1075 2538 1107 2568 4.
1140 2535 1291 2578 proprie
1322 2533 1409 2578 sibi]

1030 2580 1120 2624 sich,
1141 2581 1199 2615 fiir
1219 2580 1299 2615 sich
1319 2580 1469 2622 allein’,
1496 2580 1570 2624 vgl.
1591 2579 1651 2622 35,
1672 2583 1727 2622 33,
1745 2583 1766 2614 9

1027 2629 1112 2663 huic
1149 2632 1220 2663 tam
1258 2628 1409 2672 superbo
1452 2628 1586 2662 decreto
1622 2627 1769 2661 addidit

1022 2676 1215 2719 propriam
1247 2676 1496 2710 contzmzeh'am
1519 2673 1766 2716 Damocritus,

1029 2722 1062 2756 d.
1078 2722 1113 2756 h.
1136 2721 1216 2756 eine
1236 2721 1450 2765 besondere,
1471 2731 1543 2754 von
1557 2719 1635 2753 ihm
1653 2719 1768 2754 allein

1029 2769 1265 2813 ausgehende
1281 2766 1580 2812 Beschimpfung.
1609 2766 1655 2801 So
1671 2767 1767 2801 auch

1029 2820 1084 2859 33,
1106 2821 1126 2850 6
1151 2827 1299 2851 suarum
1320 2816 1468 2859 proprie
1485 2815 1616 2848 virium
1646 2813 1768 2848 ‘recht

1030 2862 1231 2907 cigentlich
1259 2862 1420 2906 eigener’
1451 2862 1553 2896 vires.

1452 2533 1462 2549 ‘
1472 2532 1672 2567 besonders
1709 2531 1768 2566 fiir
