1882 3163
115 460 170 501 26

181 115 236 156 52
666 114 811 149 LIBER
836 113 966 149 XXIII.
1018 114 1120 150 CAP.
1149 119 1204 150 25.
1231 119 1286 151 26.

1578 133 1603 150 a.
1623 132 1651 151 u.
1672 125 1734 152 538.

181 223 257 265 ciri
302 226 428 278 atque
474 223 570 264 inde
615 223 852 277 consulem,
903 223 971 264 cui
1019 223 1210 277 legiones
1249 224 1437 265 urbanae
1481 224 1738 279 evenissent,

123 295 164 324 11
181 283 366 324 militum
399 296 566 324 sumere
599 284 805 337 quantum
838 297 943 336 opus
977 284 1106 336 esset3
1149 281 1193 324 O.
1220 282 1420 324 Terentio
1447 283 1612 324 consuli
1642 298 1737 338 pro-

179 342 332 397 pagari
363 342 408 383 in
441 356 599 383 annum
631 341 873 395 imperium,
916 356 1053 396 neque
1091 341 1141 382 de
1183 356 1230 383 eo
1270 342 1475 396 exercitu,
1520 356 1646 397 quem
1685 343 1738 384 ad

182 401 441 454 praesidium
474 401 657 455 Apuliae
687 400 876 454 haberet,
907 401 1134 455 quicquam
1166 402 1312 442 minui.

303 459 419 502 Dum
445 459 552 502 haec
572 460 617 501 in
636 459 762 501 Italia
789 463 992 514 geruntur
1019 460 1376 515 adparanturque‚
1402 459 1538 502 nihilo
1566 460 1738 515 segnius

184 520 227 560 in
259 518 472 573 Hispania
504 519 664 560 bellum
697 522 804 570 erat,
850 519 922 560 sed
961 519 1014 560 ad
1047 534 1139 560 eam
1172 519 1283 561 diem
1315 520 1453 574 magis
1485 534 1739 574 prosperum

142 578 402 620 2Romanis.
452 577 496 619 P.
531 581 572 619 et
604 577 676 620 Cn.
715 577 985 632 Scipionibus
1030 578 1141 619 inter
1182 593 1226 619 se
1269 579 1440 632 partitis
1485 579 1648 633 copias,
1692 581 1740 620 ut

187 637 357 679 Gnaeus
389 641 513 691 terra,
546 638 724 679 Publius
755 637 936 678 navibus
969 651 1057 678 rem
1085 641 1269 692 gereret,
1300 637 1544 679 Hasdrubal
1576 637 1740 680 Poeno-

185 712 280 738 rum
305 697 550 751 imperator,
581 697 721 738 neutri
747 697 859 750 parti
885 697 1039 737 virium
1067 697 1169 737 satis
1196 697 1340 749 fidens,
1368 697 1515 750 procul
1542 697 1594 738 ab
1615 697 1739 739 hoste

185 757 410 798 intervallo
438 752 493 797 ac
524 756 630 797 locis
663 759 781 796 tutus
812 755 988 796 tenebat
1021 770 1076 809 se,
1110 755 1248 809 quoad
1281 755 1463 796 multum
1496 770 1544 797 ac
1571 755 1642 797 diu
1669 756 1740 798 ob-

185 816 366 856 testanti
397 818 600 869 quattuor
631 815 751 856 milia
783 814 972 868 peditum
1005 816 1047 855 et
1078 815 1188 856 mille
1214 815 1378 869 equites
1404 815 1448 855 in
1475 815 1741 868 supplemen-

146 885 165 915 3
186 877 278 915 tum
311 874 430 915 missi
462 889 512 915 ex
545 873 691 915 Africa
717 876 829 914 sunt.
879 877 970 914 tum
995 873 1156 914 refecta
1181 873 1351 914 tandem
1379 888 1452 928 spe
1479 877 1620 915 castra
1645 888 1740 928 pro-

186 933 282 988 pius
314 933 486 974 hostem
516 934 661 985 movit,
694 933 956 986 classemque
989 934 1031 972 et
1061 932 1153 986 ipse
1184 932 1337 974 instrui
1368 933 1595 987 pararique
1621 933 1742 975 iubet

187 993 240 1034 ad
271 993 436 1034 insulas
468 993 826 1046 maritumamque
859 1006 977 1032 oram
1009 991 1245 1033 tutandam.

304 1051 354 1093 In
391 1052 484 1105 ipso
524 1052 686 1105 impetu
729 1050 1034 1091 movendarum
1073 1050 1122 1091 de
1168 1051 1337 1106 integro
1376 1065 1516 1091 rerum
1561 1051 1742 1105 perculit

187 1124 282 1151 eum
308 1111 620 1164 praefectorum
646 1110 819 1150 navium
845 1110 1058 1163 transitio,
1090 1110 1173 1163 qui,
1199 1112 1300 1164 post
1325 1110 1505 1151 classem
1531 1109 1584 1150 ad
1609 1109 1741 1151 Hibe-

186 1184 280 1210 rum
306 1184 380 1224 per
406 1184 609 1223 pavorem
637 1168 848 1210 desertam
875 1169 1063 1222 graviter
1088 1169 1300 1223 increpiti,
1331 1183 1563 1223 numquam
1590 1168 1740 1210 deinde

145 1239 164 1268 5
187 1228 291 1270 satis
318 1229 390 1269 fidi
418 1231 491 1270 aut
518 1229 612 1270 duci
639 1231 712 1269 aut
733 1226 1153 1282 Carthaginiensium
1181 1229 1306 1270 rebus
1332 1228 1513 1269 fuerant.
1553 1227 1742 1269 fecerant

188 1288 233 1328 hi
265 1288 513 1343 transfugae
546 1290 712 1329 motum
744 1288 788 1328 in
813 1286 1103 1328 Tartesiorum
1130 1290 1267 1342 gente,
1301 1287 1648 1341 desciverantque
1673 1287 1740 1328 his

188 1347 432 1388 auctoribus
464 1347 590 1388 urbes
624 1347 800 1401 aliquot3
846 1361 931 1388 una
969 1347 1097 1387 etiam
1138 1347 1191 1388 ab
1224 1347 1328 1400 ipsis
1361 1346 1403 1387 vi
1435 1349 1560 1400 capta
1592 1346 1742 1387 fuerat.

145 1416 164 1446 6
186 1406 230 1446 in
268 1421 363 1448 eam
402 1409 575 1461 gentem
613 1420 782 1447 versum
830 1406 882 1447 ab
922 1404 1127 1447 Romanis
1171 1406 1334 1447 bellum
1372 1407 1454 1459 est,
1498 1405 1742 1460 infestoque

186 1522 369 1566 Frfihling
417 1526 483 1556 217
537 1521 685 1556 dorthin
736 1521 934 1566 geschickt*

186 1569 336 1604 worden
363 1569 454 1613 (Pol.
483 1572 514 1611 3,
543 1573 597 1610 75,
624 1570 672 1613 4).

233 1616 442 1662 evenissent]
482 1616 645 1650 namlich
680 1616 794 1650 durch
827 1616 927 1650 seine

185 1661 312 1703 Wahh
351 1663 586 1708 gewohnlich
613 1663 704 1697 wird
731 1663 795 1696 das
820 1662 929 1697 Wort

184 1722 271 1745 vom
308 1710 379 1745 Los
418 1710 634 1755 gebraucht.
672 1731 715 1735 —
755 1710 925 1755 militum]

187 1758 411 1792 auffallende
440 1758 712 1801 Wortstellung
742 1759 784 1791 st.
813 1769 926 1802 quan-

186 1809 263 1840 tum
287 1807 443 1840 militum
469 1816 559 1850 opus
584 1809 681 1845 esset,
707 1815 852 1839 sumere.

235 1857 288 1887 11.
310 1852 532 1898 p1·opayari]
562 1853 744 1896 gewohnl.
767 1863 839 1886 von
863 1851 927 1886 der

185 1898 442 1944 Erweiterung
451 1900 514 1934 des
525 1898 698 1934 Gebietes
710 1898 925 1944 gebraucht,

184 1946 267 1981 hier
287 1959 358 1981 von
385 1949 448 1982 der
467 1946 752 1991 Veriangerung
772 1947 835 1981 des
856 1947 927 1980 Im-

186 1994 349 2037 periums
370 1997 412 2029 st.
432 1996 647 2038 proroyari;
670 1995 743 2038 vgl.
761 1993 833 2028 Cic.
851 1994 925 2027 Att.

188 2046 218 2084 S,
246 2045 278 2084 3,
306 2045 325 2075 3
360 2041 565 2085 (Pompeius
592 2042 742 2076 Caesari
768 2041 926 2083 Galliae)

182 2089 395 2132 provinciae
427 2092 674 2134 propayatom·
714 2088 752 2122 in
793 2087 871 2122 Cat.
907 2091 927 2121 3

187 2138 206 2176 ξ
227 2140 281 2169 26.
314 2156 348 2159 -
379 2136 535 2180 haberet]
576 2135 707 2179 Sp'ater
732 2134 857 2169 wurde
891 2146 929 2169 er

188 2181 359 2225 abgelost
379 2193 412 2217 u.
428 2183 523 2216 nach
538 2183 714 2216 Picenum
733 2181 929 2226 geschickt

190 2228 294 2273 (Kap.
318 2233 374 2272 32,
397 2232 465 2271 19).

236 2310 340 2355 Kap.
374 2315 535 2345 26—29.
586 2309 848 2355 Ereignisse
887 2310 931 2344 in

190 2359 385 2403 Spanien
405 2359 463 2392 im
483 2358 609 2392 J.216.
631 2356 802 2402 Eutrop
821 2361 930 2400 3,11;

190 2407 345 2440 Zonar.
374 2410 405 2448 9,
433 2410 470 2446 3;
505 2404 624 2439 Oros
653 2408 691 2447 4,
723 2409 775 2439 16.

238 2464 300 2498 26.
336 2469 365 2498 1.
393 2464 494 2509 dum]
520 2463 774 2508 Anknfipfung
800 2474 846 2497 an
874 2466 929 2505 22,

191 2516 247 2554 22,
272 2515 334 2552 213
361 2512 446 2546 haec
471 2510 625 2545 umfasst
651 2511 742 2544 alles
769 2510 838 2545 seit
865 2510 929 2544 Be-

191 2559 279 2603 ginn
301 2559 364 2593 (les
385 2558 535 2603 vorigen
553 2558 716 2592 Winters
737 2559 807 2602 (22,
823 2561 878 2598 32,
897 2558 930 2600 1)

191 2606 229 2639 in
243 2605 377 2640 Italien
387 2606 654 2649 Vorgefallene.
667 2625 710 2630 —-
725 2606 774 2639 ad
788 2616 863 2639 eam
878 2604 928 2649 ὦ]

192 2652 261 2687 mit
275 2653 390 2697 bezug
411 2653 475 2686 auf
492 2653 550 2687 die
565 2653 708 2687 bessere
722 2652 928 2696 VVendung,

192 2700 332 2734 welche
359 2700 423 2734 der
449 2699 562 2743 Krieg
590 2699 628 2733 in
655 2699 787 2734 Italien
819 2699 929 2733 nach—

191 2747 256 2780 her
283 2746 396 2781 durch
420 2747 615 2781 Marcellus
640 2748 769 2788 nahm,
798 2758 832 2780 u.
860 2746 930 2780 den

193 2792 409 2838 Untergang
430 2795 492 2827 der
515 2794 713 2838 Scipionen
738 2794 790 2827 im
809 2794 840 2828 J.
861 2796 928 2827 212

194 2843 263 2881 (25,
278 2844 331 2875 34.
351 2845 390 2874 11
404 2840 466 2884 ff.).
487 2861 529 2866 —
550 2852 641 2884 may.
658 2840 798 2885 prosp]
819 2840 930 2875 n'aml.

197 2897 303 2930 quam
329 2888 455 2922 bellum
481 2889 522 2922 in
549 2889 676 2924 Italia.

1049 1525 1080 1557 2.
1106 1523 1228 1557 neutri
1241 1533 1280 1566 p.
1301 1522 1350 1566 ἢκ]
1376 1521 1497 1556 weder
1518 1520 1602 1555 dem
1620 1520 1741 1556 Land-

1000 1570 1088 1604 heer
1112 1570 1207 1604 noch
1233 1570 1297 1603 der
1323 1568 1455 1603 Flotte.
1486 1588 1528 1592 —
1555 1569 1596 1602 in
1620 1569 1738 1612 suppl.

999 1616 1116 1661 missi]
1153 1616 1203 1650 im
1235 1615 1415 1659 Frfihling
1447 1619 1532 1658 216,
1565 1614 1742 1649 wahrend

1001 1664 1066 1697 das
1098 1663 1189 1707 Kap.
1220 1667 1274 1705 13,
1301 1667 1319 1697 7
1336 1662 1371 1699 ff.
1398 1662 1572 1697 Erz'ahlte
1604 1662 1643 1696 in
1669 1662 1740 1696 den

1000 1710 1136 1745 Herbe-t
1161 1711 1303 1754 gehort.

1049 1762 1079 1792 3.
1102 1761 1133 1792 et
1151 1758 1242 1803 ipse]
1267 1757 1385 1801 „auch
1407 1755 1651 1798 seine1·seits“‚
1665 1755 1741 1798 ,wie

1001 1805 1060 1839 die
1089 1804 1287 1849 Scipionem
1320 1808 1391 1846 §2-
1419 1824 1462 1828 ——
1488 1802 1647 1849 insulas]
1680 1802 1740 1838 die

999 1852 1174 1897 Pityusen
1200 1865 1232 1885 u.
1263 1852 1451 1886 Balearen.

1047 1905 1079 1933 4.
1118 1900 1159 1933 in
1190 1901 1268 1943 ipso
1300 1899 1402 1944 imp]
1443 1897 1579 1942 gerade
1617 1897 1672 1931 als
1704 1907 1743 1931 er

1000 1947 1069 1981 mit
1089 1946 1295 1991 Ungestfim
1322 1946 1403 1980 eine
1430 1956 1523 1980 neue
1542 1943 1742 1988 Wendung

1000 1994 1064 2028 der
1079 1993 1198 2038 Dinge
1219 1993 1415 2027 anstrebte.
1432 2013 1474 2017 —
1486 1991 1624 2037 praefi]
1645 1990 1743 2025 Bun-

1002 2041 1265 2086 desgenossen,
1304 2038 1614 2074 wahrscheinlich
1653 2038 1743 2082 Spa·

1001 2088 1091 2131 niet,
1117 2088 1221 2122 nicht
1247 2087 1467 2130 Karthager.
1490 2106 1532 2111 —
1554 2084 1740 2129 transitio]

1003 2135 1066 2169 der
1084 2134 1220 2176 Abfall‚
1244 2134 1302 2168 die
1317 2133 1521 2168 Desertion.
1551 2132 1611 2166 Sie
1631 2131 1743 2166 liefen

1002 2182 1107 2215 nicht
1133 2193 1176 2214 zu
1203 2181 1274 2214 den
1301 2181 1459 2214 Romern
1485 2179 1592 2221 fiber,
1621 2190 1654 2214 u,
1683 2178 1742 2212 die

1003 2228 1189 2262 Tartesier
1222 2227 1372 2261 wurden
1412 2227 1486 2260 erst
1522 2237 1593 2260 von
1631 2225 1743 2259 ihnen

1004 2275 1284 2319 aufgewiegelt3
1324 2274 1376 2308 sie
1409 2273 1490 2307 sind
1524 2273 1602 2306 also
1634 2271 1743 2307 keine

1006 2322 1253 2366 cigentlichen
1279 2321 1494 2364 transfuqae
1521 2323 1552 2361 (ξ
1573 2320 1618 2361 5).

1049 2369 1143 2413 post]
1179 2368 1288 2402 Diese
1315 2366 1648 2411 Zeitbestimmung
1679 2376 1743 2410 ge—

1004 2417 1089 2450 ho'rt
1120 2427 1188 2449 nur
1213 2428 1256 2449 zu
1288 2415 1479 2458 increpitu
1511 2415 1638 2448 deinde
1661 2412 1745 2457 ffigt

1004 2463 1125 2506 hinzu,
1151 2474 1226 2497 was
1249 2463 1347 2496 dann
1366 2461 1506 2505 infolge
1528 2461 1592 2495 des
1608 2459 1742 2494 Tadels

1005 2510 1178 2554 geschah.
1211 2530 1248 2534 —-
1284 2509 1425 2554 desert]
1464 2509 1515 2542 im
1547 2507 1742 2551 vorherge-

1005 2558 1149 2591 henden
1174 2556 1303 2591 Jahre:
1332 2560 1388 2598 22,
1417 2560 1470 2599 19,
1500 2559 1541 2589 12
1556 2553 1591 2588 ff.

1054 2609 1084 2639 5.
1114 2604 1252 2638 Tartes.
1278 2603 1327 2649 y.]
1359 2603 1419 2637 ein
1444 2602 1597 2636 anderer
1624 2601 1741 2635 Name

1002 2652 1060 2685 fiir
1095 2652 1153 2686 die
1189 2651 1417 2685 Turdetaner
1449 2648 1538 2683 oder
1562 2647 1743 2682 Turduler

1005 2698 1064 2742 (cf.
1087 2697 1218 2732 Strabo
1245 2702 1276 2739 3,
1302 2699 1369 2741 11),
1396 2695 1535 2730 welche
1560 2695 1598 2728 in
1617 2693 1740 2728 Anda-

1005 2746 1122 2780 lusien
1156 2756 1215 2779 am
1248 2746 1403 2778 unteren
1429 2742 1524 2777 Lauf
1547 2741 1611 2776 des
1636 2741 1740 2775 B'atis

1006 2791 1302 2837 <Guadalquivir)
1328 2790 1512 2825 wohnten.

1053 2844 1085 2875 6.
1118 2840 1162 2873 ab
1189 2838 1309 2883 Rom]
1340 2848 1435 2880 „von
1462 2836 1531 2869 den
1558 2835 1600 2869 R.
1628 2836 1742 2880 weg“‚

1007 2886 1073 2921 ehe
1113 2886 1163 2921 sie
1201 2885 1296 2920 noch
1334 2881 1562 2928 angegriffen
1594 2883 1744 2917 worden
