1882 3163
117 113 144 132 a.
170 104 236 132 Chr.
263 111 290 129 n.
316 104 377 129 213.

118 176 204 246 sint
235 218 310 258 per
341 202 420 244 hos
452 201 553 243 dies.

670 90 815 125 LIBER
840 88 989 124 XXIIII.
1018 88 1119 124 CAP.
1147 90 1202 123 38.
1623 84 1679 126 65

615 214 709 241 eam
740 213 816 240 vos
848 197 1042 239 fraudem
1074 197 1200 238 deum
1231 196 1370 250 primo
1397 194 1676 248 benignitate,
1705 204 1725 235 2

119 263 220 305 dein
261 264 403 304 vestra
442 260 526 314 ipsi
565 259 722 300 virtute
764 257 852 298 dies
889 258 1120 311 noctesque
1151 255 1380 310 perstando
1415 269 1462 296 ac
1495 253 1678 308 pervigi-

117 322 246 364 lando
285 322 330 363 in
362 320 491 362 armis
522 317 704 360 vitastis.

118 381 298 423 infanda
333 394 410 421 nec
447 377 643 421 faciendo
681 375 846 417 traduci
883 376 1040 430 posset.

765 316 931 358 utinam
962 315 1139 363 relicum
1169 317 1339 369 tempus
1371 328 1447 355 nec
1478 311 1680 367 patiendo

1102 374 1206 415 haec
1245 373 1411 415 occulta
1449 373 1493 413 in
1532 371 1680 413 fraude
1709 382 1728 413 3

120 441 262 483 cautio
294 441 378 493 est,
410 453 492 493 qua
523 437 591 478 usi
623 435 760 477 adhuc
786 449 950 489 sumus3
983 433 1051 475 cui
1078 433 1280 488 quoniam
1305 447 1456 487 parum
1483 431 1691 484 succedit,

121 503 266 554 aperte
310 513 358 540 ac
400 497 623 552 propalam
667 495 807 536 claves
851 496 1071 548 portarum
1113 495 1361 547 reposcunt3
1407 506 1513 546 quas
1556 490 1685 532 simul

119 558 439 610 tradiderimus,
478 553 898 610 Carthaginiensium
931 552 1145 606 extemplo
1178 551 1333 592 Henna
1366 552 1463 604 erit,
1502 549 1686 591 foedius-

120 632 201 672 que
227 617 298 659 hic
322 614 649 668 trucidabimur,
680 628 807 668 quam
826 611 1098 667 Murgantiae
1125 610 1386 666 praesidium
1412 609 1686 651 interfectum

120 680 198 718 est.

120 735 324 778 certiores
367 733 544 789 periculi
581 731 785 774 instantis
825 731 1019 772 facerem.

259 678 429 718 noctem
469 689 600 715 unam
641 686 766 728 aegre
809 671 861 713 ad
900 670 1232 713 consultandum
1266 669 1449 724 sumpsi,
1494 684 1577 724 qua
1608 683 1684 710 vos
1710 678 1732 709 4

1083 732 1176 772 orta
1207 729 1300 771 luce
1332 729 1577 770 contionem
1609 727 1682 768 ha-

121 795 254 836 bituri
286 796 386 835 sunt
417 792 469 834 ad
502 791 815 834 criminandum
847 804 914 831 me
946 789 1331 843 concitandumque
1363 788 1410 829 in
1441 802 1517 829 vos
1550 802 1686 842 popu-

121 854 222 895 lum.
282 853 428 908 itaque
461 852 647 893 crastino
680 850 747 891 die
780 851 854 891 aut
884 851 1026 891 vestro
1054 852 1128 890 aut
1148 847 1444 889 Hennensium
1471 846 1684 902 sanguine
1710 857 1730 888 5

121 912 278 954 Henna
315 911 606 953 inundabitur.

124 974 277 1026 pantes
318 971 497 1026 periculi
538 971 765 1025 quicquam
804 967 1030 1010 habebitis.

668 924 744 951 nec
781 908 1079 964 praeoccupati
1119 922 1238 962 spem
1276 907 1411 948 ullam
1447 921 1526 948 nec
1565 919 1686 947 occu-

1093 967 1163 1022 qui
1202 967 1320 1021 prior
1353 965 1572 1007 strinxerit
1602 965 1685 1006 fer-

126 1046 241 1085 rum,
273 1030 363 1071 eius
396 1030 574 1071 victoria
605 1030 697 1070 erit.
746 1027 902 1070 intenti
934 1041 1036 1082 ergo
1070 1041 1217 1068 omnes
1251 1026 1488 1080 armatique
1517 1024 1686 1080 signum
1715 1037 1735 1067 6

124 1090 419 1144 expectabitis.

481 1102 560 1144 ego
604 1088 649 1130 in
693 1087 890 1129 contione
935 1101 1006 1128 ero
1052 1088 1094 1127 et
1130 1088 1319 1140 tempus,
1364 1084 1503 1140 quoad
1543 1083 1688 1126 omnia

122 1149 335 1190 instructa
374 1149 477 1203 sint,
516 1147 727 1203 loquendo
766 1146 1092 1199 altercandoque
1124 1145 1306 1186 traham.

1368 1159 1463 1185 cum
1495 1147 1599 1199 toga
1631 1143 1686 1184 si·
1715 1155 1733 1186 7

123 1222 257 1263 gnum
298 1208 469 1257 dedero,
509 1210 600 1248 tum
639 1206 745 1247 mihi
782 1205 969 1260 undique
1001 1206 1183 1247 clamore
1217 1204 1386 1246 sublato
1419 1203 1592 1244 turbam
1624 1202 1687 1243 in-

123 1267 267 1308 vadite
307 1282 355 1308 ac
394 1267 572 1308 sternite
611 1266 754 1308 omnia
792 1265 903 1306 ferro
955 1266 997 1305 et
1034 1266 1179 1305 cavete
1219 1263 1447 1319 quicquam
1488 1262 1686 1317 supersit,

128 1326 248 1368 cuius
291 1328 365 1367 aut
405 1326 469 1367 vis
511 1327 586 1366 aut
626 1325 742 1366 fraus
780 1324 921 1365 timeri
958 1323 1107 1378 possit.

1169 1338 1263 1377 vos,
1306 1320 1432 1364 Ceres
1471 1324 1606 1363 mater
1639 1335 1687 1363 ac
1715 1333 1734 1363 8

125 1385 398 1440 Proserpina,
429 1399 591 1439 precor,
617 1384 746 1425 ceteri
773 1383 915 1438 superi
941 1382 1181 1437 infernique
1209 1382 1268 1435 di,
1302 1382 1373 1437 qui
1394 1381 1506 1423 hanc
1526 1381 1689 1436 urbem,

125 1444 206 1485 hos
239 1447 429 1486 sacratos
461 1444 579 1485 lacus
611 1444 813 1498 lucosque
846 1442 1005 1495 colitis,
1044 1444 1092 1482 ut
1122 1441 1183 1483 ita
1215 1441 1341 1483 nobis
1374 1441 1567 1482 volentes
1594 1455 1690 1495 pro—

126 1503 226 1558 pitii
270 1504 437 1557 adsitis,
488 1503 524 1544 si
564 1502 779 1557 vitandae,
820 1516 906 1543 non
950 1500 1195 1542 inferendae
1238 1500 1400 1542 fraudis
1441 1514 1569 1541 causa
1608 1499 1690 1541 hoc

125 1562 294 1604 consilii
331 1563 534 1616 capimus.

596 1562 790 1616 pluribus
822 1576 915 1615 vos,
954 1560 1130 1611 milites,
1168 1560 1381 1614 hortarer,
1421 1559 1456 1601 si
1497 1573 1593 1601 cum
1626 1573 1685 1600 ar·
1716 1571 1735 1601 9

128 1621 258 1663 matis
291 1621 511 1663 dimicatio
542 1621 687 1662 futura
720 1623 849 1663 esset:
894 1621 1094 1674 inermes,
1132 1620 1327 1661 incautos
1361 1618 1413 1660 ad
1446 1619 1688 1660 satietatem

176 1788 210 1819 2.
236 1788 353 1819 vestra
378 1786 451 1829 ipsi
476 1786 622 1830 virtute]
651 1785 793 1830 logisch
813 1796 874 1829 ge-

128 1843 241 1867 nauer
266 1835 364 1867 ware
395 1836 512 1867 vestra
542 1834 705 1876 ipsorum
730 1844 774 1875 a,
806 1832 875 1866 wie

130 1879 165 1922 1,
192 1883 248 1923 28,
276 1884 296 1913 4
322 1880 407 1922 fuit,
432 1880 527 1923 quod
549 1881 710 1923 primum
735 1880 791 1914 dis
816 1880 875 1913 in-

129 1927 344 1961 mortalibus
377 1928 518 1971 gratias
549 1928 717 1971 ageretis,
749 1927 877 1961 deinde

129 1977 266 2008 vestrae
299 1975 461 2018 ipsorum
492 1974 640 2016 τίντιιύές
679 1974 767 2008 aber
798 1974 875 2008 Liv.

130 2021 247 2065 pflegt
267 2021 359 2056 auch
380 2021 417 2055 in
432 2021 577 2065 Fauen,
604 2022 670 2055 wie
691 2021 775 2055 dem
796 2032 875 2055 vor-

130 2068 343 2112 liegenden,
395 2068 454 2103 bei
486 2068 569 2103 dem
601 2068 874 2113 Possessivpro-

131 2126 265 2150 nomen
285 2116 360 2159 ipse
380 2116 446 2150 auf
462 2116 533 2150 den
552 2116 659 2150 Nom.
683 2116 769 2151 oder
789 2117 873 2150 Ace.

131 2175 177 2196 zu
202 2162 396 2204 beziehen;
424 2175 449 2197 s.
477 2175 521 2197 zu
548 2167 580 2207 5,
609 2167 662 2197 10.

179 2222 354 2267 infanda]
390 2222 463 2267 vgl.
500 2227 561 2265 39,
589 2226 609 2256 9
636 2234 670 2255 u.
703 2221 767 2264 23,
796 2226 827 2265 9,
855 2225 874 2255 5

134 2270 343 2304 audeantur
367 2270 527 2312 infanda
553 2286 596 2298 =
623 2270 794 2312 nefanda.

180 2316 340 2362 traduci]
374 2317 446 2361 vgl.
474 2318 509 2360 9,
536 2321 567 2357 3,
595 2321 616 2351 4
641 2318 696 2351 his
724 2317 874 2352 invicem

131 2364 354 2398 sermonibus
379 2375 452 2398 ηοω
478 2365 647 2398 traducta
672 2368 732 2399 est.

182 2439 212 2467 3.
241 2434 316 2479 cuz]
345 2451 389 2463 =
415 2434 476 2468 sed
501 2435 550 2475 ei,
588 2435 699 2469 naml.
725 2435 874 2477 fraud&

132 2481 289 2515 succedit
316 2494 341 2515 s.
371 2493 413 2515 au
444 2485 496 2523 19,
524 2486 554 2515 6.

181 2528 317 2573 aperte]
350 2529 399 2562 ist
424 2528 629 2573 Gegensatz
660 2541 702 2562 zu
735 2529 874 2572 fraude,

126 2576 323 2620 propalam
368 2588 408 2609 zu
454 2576 610 2609 occulta:
654 2575 874 2610 chiastisehe

135 2622 323 2667 Stellung3
360 2624 432 2667 vgl.
469 2626 525 2664 25,
561 2627 581 2656 4
613 2624 740 2666 palam
773 2626 877 2666 atque

134 2673 256 2713 aperte
276 2671 429 2714 petitam
454 2681 603 2714 requam
628 2671 718 2704 clam
744 2673 775 2704 et
798 2671 878 2705 dolo

135 2718 304 2759 affectare
331 2721 489 2752 conatus.

185 2779 216 2810 5.
242 2776 500 2821 mundabitur]
529 2789 554 2809 s.
583 2788 624 2809 zu
653 2780 684 2818 9,
713 2780 742 2811 6.

184 2824 410 2867 occupantes]
462 2825 525 2867 (=
575 2823 658 2857 dem
710 2822 875 2867 Compos.

130 2872 451 2914 praeoccupantes)
468 2871 558 2905 wird
574 2871 653 2905 hier
667 2870 878 2904 ausnahms-

210 2936 267 2961 Tit.
288 2936 353 2961 Liv.
374 2936 406 2963 R
428 2938 472 2961 211.

948 1783 1057 1819 weise
1084 1784 1233 1819 absolut
1258 1783 1481 1829 gebraucht‚
1507 1783 1607 1817 sonst
1627 1782 1695 1817 mit

949 1832 1068 1866 einem
1095 1831 1257 1866 Infinitiv
1286 1830 1507 1865 verbunden.

996 1880 1073 1913 eius
1100 1880 1252 1913 victoria
1277 1878 1359 1923 erit]
1388 1879 1490 1912 sonst
1509 1878 1594 1922 sagt
1614 1877 1691 1911 Liv.

948 1927 1028 1960 vict.
1067 1930 1117 1961 est
1150 1937 1257 1970 penes
1290 1925 1377 1960 oder
1408 1925 1509 1969 apud
1540 1925 1695 1969 aliquem

950 1973 1038 2008 oder
1073 1973 1152 2008 ‘der
1187 1973 1274 2018 Sieg
1305 1973 1352 2007 ist
1385 1972 1451 2006 auf
1475 1972 1599 2007 Seiten
1633 1972 1692 2007 Je-

949 2021 1131 2063 mandes',
1168 2034 1195 2054 z.
1222 2021 1261 2056 B.
1299 2020 1338 2063 1,
1364 2024 1420 2063 24,
1446 2023 1466 2053 2
1502 2020 1556 2054 ibi
1586 2020 1695 2063 impe-

948 2069 1045 2102 rium
1069 2068 1157 2111 fore,
1190 2069 1285 2102 unde
1310 2068 1463 2102 victoria
1488 2067 1610 2109 fuerit,
1638 2077 1694 2101 wo

948 2116 1044 2150 unde
1069 2115 1146 2150 sich
1173 2116 1313 2150 erklfirt
1338 2115 1434 2149 nach
1460 2118 1515 2156 45,
1543 2119 1574 2149 3.

997 2168 1028 2197 6.
1055 2163 1304 2208 eaepectabitis]
1320 2161 1610 2206 imperativisch,
1626 2161 1694 2196 wie

949 2211 1092 2245 alsbald
1127 2211 1290 2245 dar-nach
1323 2210 1502 2251 invadite,
1539 2210 1695 2251 sternite,

949 2262 1081 2300 cavete3
1121 2262 1223 2292 sonst
1258 2258 1392 2303 gehort
1425 2257 1490 2291 das
1515 2257 1695 2291 Futurum

950 2305 1004 2340 als
1043 2305 1175 2349 Imper.
1214 2305 1318 2339 mehr
1362 2304 1427 2338 der
1471 2303 1693 2338 familiairen

949 2352 1199 2397 Sprechweise
1227 2364 1283 2387 an.

995 2400 1093 2445 toya]
1133 2399 1232 2434 diese
1272 2399 1397 2434 wurde
1435 2397 1485 2431 im
1523 2396 1694 2439 Quartier

947 2450 1142 2491 getragen,
1177 2447 1265 2481 aber
1297 2458 1364 2480 nur
1390 2456 1461 2479 von
1487 2445 1558 2478 den
1585 2444 1694 2478 Char-

948 2494 1105 2538 gierten,
1145 2494 1209 2528 der
1243 2492 1413 2538 gemeine
1445 2491 1574 2526 Soldat
1609 2494 1695 2535 trug

949 2542 1018 2575 den
1045 2541 1317 2585 Kriegsmantel
1342 2543 1508 2584 (saqum).

997 2592 1028 2622 8.
1058 2588 1159 2622 Ceres
1185 2599 1227 2622 ae
1258 2588 1378 2632 Pros]
1407 2600 1431 2621 s.
1460 2590 1515 2629 39,
1543 2592 1574 2620 8.

997 2637 1120 2678 superi
1152 2634 1372 2680 infernique]
1406 2635 1508 2668 sonst
1539 2633 1633 2667 auch
1665 2645 1693 2667 z.

951 2682 988 2716 B.
1022 2682 1087 2725 ⁶28,
1124 2686 1178 2726 22,
1215 2686 1234 2717 9
1268 2693 1302 2717 se
1334 2693 1398 2726 per
1433 2682 1513 2715 deos
1547 2690 1694 2724 superos

950 2730 1180 2774 inferosque
1206 2741 1310 2764 orare
1336 2733 1375 2763 ut
1403 2757 1409 2763 .
1438 2755 1444 2761 .

998 2777 1099 2811 lacus
1125 2777 1302 2821 lucosque]
1330 2788 1354 2812 S.
1384 2788 1427 2809 zu
1458 2779 1510 2818 15,
1537 2779 1568 2811 4.

999 2825 1052 2858 ita
1080 2846 1119 2849 —
1148 2825 1195 2869 sir]
1223 2837 1248 2859 s.
1276 2837 1318 2858 zu
1347 2828 1399 2866 16,
1430 2827 1482 2857 13.

998 2872 1150 2906 volentes
1169 2872 1342 2917 propitii]
1372 2884 1398 2906 s.
1427 2882 1471 2903 zu
1497 2874 1553 2915 21,
1584 2874 1637 2905 10.

1391 2934 1410 2964 5
