<?xml version="1.0" encoding="UTF-8"?>
<!DOCTYPE html PUBLIC "-//W3C//DTD XHTML 1.0 Transitional//EN"
    "http://www.w3.org/TR/xhtml1/DTD/xhtml1-transitional.dtd">
<html xmlns="http://www.w3.org/1999/xhtml" xml:lang="en" lang="en">
 <head>
  <title>
</title>
<meta http-equiv="Content-Type" content="text/html;charset=utf-8" />
  <meta name='ocr-system' content='tesseract 3.04.00' />
  <meta name='ocr-capabilities' content='ocr_page ocr_carea ocr_par ocr_line ocrx_word'/>
</head>
<body>
  <div class='ocr_page' id='page_1' title='image "./aburbeconditalib21livyuoft/aburbeconditalib21livyuoft_0431.png"; bbox 0 0 1882 3163; ppageno 0'>
   <div class='ocr_carea' id='block_1_1' title="bbox 112 106 1694 150">
    <p class='ocr_par' dir='ltr' id='par_1_1' title="bbox 112 106 1694 150">
     <span class='ocr_line' id='line_1_1' title="bbox 112 106 1694 150; baseline -0.001 -2"><span class='ocrx_word' id='word_1_1' title='bbox 112 131 141 150; x_wconf 65' lang='lat'>2.</span> <span class='ocrx_word' id='word_1_2' title='bbox 167 122 234 149; x_wconf 69' lang='lat' dir='ltr'>cm.</span> <span class='ocrx_word' id='word_1_3' title='bbox 262 130 290 147; x_wconf 76' lang='lat' dir='ltr'>n.</span> <span class='ocrx_word' id='word_1_4' title='bbox 317 122 378 147; x_wconf 75' lang='lat'>214.</span> <span class='ocrx_word' id='word_1_5' title='bbox 630 110 773 146; x_wconf 75' lang='lat' dir='ltr'>LIBER</span> <span class='ocrx_word' id='word_1_6' title='bbox 800 110 950 145; x_wconf 84' lang='lat' dir='ltr'>XXIIII.</span> <span class='ocrx_word' id='word_1_7' title='bbox 977 109 1078 145; x_wconf 86' lang='lat' dir='ltr'>CAP.</span> <span class='ocrx_word' id='word_1_8' title='bbox 1107 112 1162 145; x_wconf 78' lang='lat'>28.</span> <span class='ocrx_word' id='word_1_9' title='bbox 1192 113 1250 144; x_wconf 84' lang='lat'>29.</span> <span class='ocrx_word' id='word_1_10' title='bbox 1635 106 1694 148; x_wconf 81' lang='lat'>49</span> 
     </span>
    </p>
   </div>
   <div class='ocr_carea' id='block_1_2' title="bbox 113 216 1738 1513">
    <p class='ocr_par' dir='ltr' id='par_1_2' title="bbox 113 216 1738 1513">
     <span class='ocr_line' id='line_1_2' title="bbox 114 216 1685 274; baseline -0.003 -12"><span class='ocrx_word' id='word_1_11' title='bbox 114 221 279 263; x_wconf 89' lang='lat' dir='ltr'>lonides</span> <span class='ocrx_word' id='word_1_12' title='bbox 320 220 562 274; x_wconf 79' lang='lat' dir='ltr'>principum</span> <span class='ocrx_word' id='word_1_13' title='bbox 603 233 714 260; x_wconf 86' lang='lat' dir='ltr'>unus</span> <span class='ocrx_word' id='word_1_14' title='bbox 756 219 995 260; x_wconf 87' lang='lat' dir='ltr'>orationem</span> <span class='ocrx_word' id='word_1_15' title='bbox 1037 218 1271 259; x_wconf 88' lang='lat' dir='ltr'>salutarem</span> <span class='ocrx_word' id='word_1_16' title='bbox 1312 219 1360 258; x_wconf 90' lang='lat' dir='ltr'>ut</span> <span class='ocrx_word' id='word_1_17' title='bbox 1391 217 1436 258; x_wconf 90' lang='lat' dir='ltr'>in</span> <span class='ocrx_word' id='word_1_18' title='bbox 1467 216 1546 257; x_wconf 88' lang='lat' dir='ltr'>tali</span> <span class='ocrx_word' id='word_1_19' title='bbox 1579 218 1685 257; x_wconf 92' lang='lat' dir='ltr'>tem-</span> 
     </span>
     <span class='ocr_line' id='line_1_3' title="bbox 114 276 1734 334; baseline -0.003 -13"><span class='ocrx_word' id='word_1_20' title='bbox 114 294 218 334; x_wconf 85' lang='lat' dir='ltr'>pore</span> <span class='ocrx_word' id='word_1_21' title='bbox 260 280 429 321; x_wconf 87' lang='lat' dir='ltr'>habuit:</span> <span class='ocrx_word' id='word_1_22' title='bbox 479 293 557 320; x_wconf 90' lang='lat' dir='ltr'>nec</span> <span class='ocrx_word' id='word_1_23' title='bbox 599 292 718 331; x_wconf 89' lang='lat' dir='ltr'>spem</span> <span class='ocrx_word' id='word_1_24' title='bbox 759 277 911 319; x_wconf 87' lang='lat' dir='ltr'>salutis</span> <span class='ocrx_word' id='word_1_25' title='bbox 943 291 1020 318; x_wconf 87' lang='lat' dir='ltr'>nec</span> <span class='ocrx_word' id='word_1_26' title='bbox 1052 277 1284 331; x_wconf 89' lang='lat' dir='ltr'>perniciem</span> <span class='ocrx_word' id='word_1_27' title='bbox 1316 276 1563 330; x_wconf 85' lang='lat' dir='ltr'>propiorem</span> <span class='ocrx_word' id='word_1_28' title='bbox 1595 289 1686 316; x_wconf 92' lang='lat' dir='ltr'>um·</span> <span class='ocrx_word' id='word_1_29' title='bbox 1712 286 1734 316; x_wconf 76' lang='lat'><em>2</em></span> 
     </span>
     <span class='ocr_line' id='line_1_4' title="bbox 113 334 1734 394; baseline -0.003 -14"><span class='ocrx_word' id='word_1_30' title='bbox 113 354 244 394; x_wconf 90' lang='lat' dir='ltr'>quam</span> <span class='ocrx_word' id='word_1_31' title='bbox 285 339 448 380; x_wconf 90' lang='lat' dir='ltr'>civitati</span> <span class='ocrx_word' id='word_1_32' title='bbox 489 338 564 379; x_wconf 90' lang='lat' dir='ltr'>ulli</span> <span class='ocrx_word' id='word_1_33' title='bbox 604 336 750 378; x_wconf 88' lang='lat' dir='ltr'>fuisse.</span> <span class='ocrx_word' id='word_1_34' title='bbox 813 336 848 377; x_wconf 87' lang='lat' dir='ltr'>si</span> <span class='ocrx_word' id='word_1_35' title='bbox 890 337 1003 377; x_wconf 91' lang='lat' dir='ltr'>enim</span> <span class='ocrx_word' id='word_1_36' title='bbox 1044 350 1128 376; x_wconf 90' lang='lat' dir='ltr'>uno</span> <span class='ocrx_word' id='word_1_37' title='bbox 1171 336 1313 377; x_wconf 87' lang='lat' dir='ltr'>animo</span> <span class='ocrx_word' id='word_1_38' title='bbox 1353 349 1500 377; x_wconf 89' lang='lat' dir='ltr'>omnes</span> <span class='ocrx_word' id='word_1_39' title='bbox 1533 334 1601 375; x_wconf 86' lang='lat' dir='ltr'>vel</span> <span class='ocrx_word' id='word_1_40' title='bbox 1633 334 1688 375; x_wconf 89' lang='lat' dir='ltr'>ad</span> <span class='ocrx_word' id='word_1_41' title='bbox 1713 345 1734 376; x_wconf 90' lang='lat'><strong>3</strong></span> 
     </span>
     <span class='ocr_line' id='line_1_5' title="bbox 114 394 1685 450; baseline -0.003 -11"><span class='ocrx_word' id='word_1_42' title='bbox 114 398 337 440; x_wconf 88' lang='lat' dir='ltr'>Romanos</span> <span class='ocrx_word' id='word_1_43' title='bbox 384 397 451 438; x_wconf 86' lang='lat' dir='ltr'>vel</span> <span class='ocrx_word' id='word_1_44' title='bbox 499 397 552 438; x_wconf 88' lang='lat' dir='ltr'>ad</span> <span class='ocrx_word' id='word_1_45' title='bbox 598 394 979 450; x_wconf 73' lang='lat' dir='ltr'>Carthaginienses</span> <span class='ocrx_word' id='word_1_46' title='bbox 1024 394 1249 448; x_wconf 88' lang='lat' dir='ltr'>inclinent,</span> <span class='ocrx_word' id='word_1_47' title='bbox 1293 395 1451 436; x_wconf 88' lang='lat' dir='ltr'>nullius</span> <span class='ocrx_word' id='word_1_48' title='bbox 1498 394 1685 435; x_wconf 84' lang='lat' dir='ltr'>civitatis</span> 
     </span>
     <span class='ocr_line' id='line_1_6' title="bbox 116 452 1733 507; baseline -0.003 -9"><span class='ocrx_word' id='word_1_49' title='bbox 116 460 279 499; x_wconf 87' lang='lat' dir='ltr'>statum</span> <span class='ocrx_word' id='word_1_50' title='bbox 316 457 646 498; x_wconf 74' lang='lat' dir='ltr'>fortunatiorem</span> <span class='ocrx_word' id='word_1_51' title='bbox 683 469 732 496; x_wconf 89' lang='lat' dir='ltr'>ac</span> <span class='ocrx_word' id='word_1_52' title='bbox 772 454 1007 495; x_wconf 82' lang='lat' dir='ltr'>beatiorem</span> <span class='ocrx_word' id='word_1_53' title='bbox 1046 453 1156 507; x_wconf 76' lang='lat' dir='ltr'>fore3</span> <span class='ocrx_word' id='word_1_54' title='bbox 1203 454 1237 494; x_wconf 92' lang='lat' dir='ltr'>si</span> <span class='ocrx_word' id='word_1_55' title='bbox 1276 453 1350 494; x_wconf 86' lang='lat' dir='ltr'>alii</span> <span class='ocrx_word' id='word_1_56' title='bbox 1389 454 1472 495; x_wconf 92' lang='lat' dir='ltr'>alio</span> <span class='ocrx_word' id='word_1_57' title='bbox 1506 452 1686 494; x_wconf 80' lang='lat' dir='ltr'>trahant</span> <span class='ocrx_word' id='word_1_58' title='bbox 1711 463 1733 494; x_wconf 84' lang='lat'>4</span> 
     </span>
     <span class='ocr_line' id='line_1_7' title="bbox 114 512 1686 569; baseline -0.003 -12"><span class='ocrx_word' id='word_1_59' title='bbox 114 530 203 569; x_wconf 86' lang='lat' dir='ltr'>res,</span> <span class='ocrx_word' id='word_1_60' title='bbox 235 531 322 557; x_wconf 91' lang='lat' dir='ltr'>non</span> <span class='ocrx_word' id='word_1_61' title='bbox 353 516 465 556; x_wconf 84' lang='lat' dir='ltr'>inter</span> <span class='ocrx_word' id='word_1_62' title='bbox 484 514 652 556; x_wconf 86' lang='lat' dir='ltr'>Poenos</span> <span class='ocrx_word' id='word_1_63' title='bbox 680 512 983 567; x_wconf 85' lang='lat' dir='ltr'>Romanosque</span> <span class='ocrx_word' id='word_1_64' title='bbox 1017 512 1177 554; x_wconf 89' lang='lat' dir='ltr'>bellum</span> <span class='ocrx_word' id='word_1_65' title='bbox 1211 513 1398 553; x_wconf 87' lang='lat' dir='ltr'>atrocius</span> <span class='ocrx_word' id='word_1_66' title='bbox 1431 512 1523 554; x_wconf 89' lang='lat' dir='ltr'>fore</span> <span class='ocrx_word' id='word_1_67' title='bbox 1556 526 1686 566; x_wconf 92' lang='lat' dir='ltr'>quam</span> 
     </span>
     <span class='ocr_line' id='line_1_8' title="bbox 114 571 1687 629; baseline -0.003 -13"><span class='ocrx_word' id='word_1_68' title='bbox 114 575 229 616; x_wconf 89' lang='lat' dir='ltr'>inter</span> <span class='ocrx_word' id='word_1_69' title='bbox 266 575 383 629; x_wconf 88' lang='lat' dir='ltr'>ipsos</span> <span class='ocrx_word' id='word_1_70' title='bbox 417 573 728 628; x_wconf 85' lang='lat' dir='ltr'>Syracusanos,</span> <span class='ocrx_word' id='word_1_71' title='bbox 773 587 869 614; x_wconf 91' lang='lat' dir='ltr'>cum</span> <span class='ocrx_word' id='word_1_72' title='bbox 907 572 1020 613; x_wconf 84' lang='lat' dir='ltr'>intra</span> <span class='ocrx_word' id='word_1_73' title='bbox 1052 571 1224 613; x_wconf 88' lang='lat' dir='ltr'>eosdem</span> <span class='ocrx_word' id='word_1_74' title='bbox 1257 586 1402 612; x_wconf 87' lang='lat' dir='ltr'>muros</span> <span class='ocrx_word' id='word_1_75' title='bbox 1435 586 1535 624; x_wconf 80' lang='lat' dir='ltr'>pars</span> <span class='ocrx_word' id='word_1_76' title='bbox 1569 573 1687 611; x_wconf 88' lang='lat' dir='ltr'>utra-</span> 
     </span>
     <span class='ocr_line' id='line_1_9' title="bbox 115 630 1738 688; baseline -0.003 -13"><span class='ocrx_word' id='word_1_77' title='bbox 115 648 196 688; x_wconf 88' lang='lat' dir='ltr'>que</span> <span class='ocrx_word' id='word_1_78' title='bbox 230 649 329 675; x_wconf 88' lang='lat' dir='ltr'>suos</span> <span class='ocrx_word' id='word_1_79' title='bbox 362 633 588 686; x_wconf 84' lang='lat' dir='ltr'>exercitus,</span> <span class='ocrx_word' id='word_1_80' title='bbox 622 647 698 673; x_wconf 89' lang='lat' dir='ltr'>sua</span> <span class='ocrx_word' id='word_1_81' title='bbox 725 646 861 685; x_wconf 89' lang='lat' dir='ltr'>arma,</span> <span class='ocrx_word' id='word_1_82' title='bbox 895 645 993 672; x_wconf 87' lang='lat' dir='ltr'>suos</span> <span class='ocrx_word' id='word_1_83' title='bbox 1020 630 1225 672; x_wconf 87' lang='lat' dir='ltr'>habitura</span> <span class='ocrx_word' id='word_1_84' title='bbox 1252 630 1309 671; x_wconf 91' lang='lat' dir='ltr'>sit</span> <span class='ocrx_word' id='word_1_85' title='bbox 1336 630 1475 671; x_wconf 78' lang='lat' dir='ltr'>duces.</span> <span class='ocrx_word' id='word_1_86' title='bbox 1526 630 1686 685; x_wconf 85' lang='lat' dir='ltr'>itaque,</span> <span class='ocrx_word' id='word_1_87' title='bbox 1719 640 1738 670; x_wconf 89' lang='lat'>5</span> 
     </span>
     <span class='ocr_line' id='line_1_10' title="bbox 115 689 1687 745; baseline -0.003 -11"><span class='ocrx_word' id='word_1_88' title='bbox 115 696 163 734; x_wconf 91' lang='lat' dir='ltr'>ut</span> <span class='ocrx_word' id='word_1_89' title='bbox 195 692 308 734; x_wconf 88' lang='lat' dir='ltr'>idem</span> <span class='ocrx_word' id='word_1_90' title='bbox 340 707 486 734; x_wconf 89' lang='lat' dir='ltr'>omnes</span> <span class='ocrx_word' id='word_1_91' title='bbox 520 691 727 745; x_wconf 80' lang='lat' dir='ltr'>sentiant,</span> <span class='ocrx_word' id='word_1_92' title='bbox 761 705 927 732; x_wconf 87' lang='lat' dir='ltr'>summa</span> <span class='ocrx_word' id='word_1_93' title='bbox 962 691 1001 731; x_wconf 88' lang='lat' dir='ltr'>vi</span> <span class='ocrx_word' id='word_1_94' title='bbox 1035 689 1249 744; x_wconf 86' lang='lat' dir='ltr'>agendum</span> <span class='ocrx_word' id='word_1_95' title='bbox 1276 703 1379 730; x_wconf 89' lang='lat' dir='ltr'>esse.</span> <span class='ocrx_word' id='word_1_96' title='bbox 1431 691 1528 730; x_wconf 85' lang='lat' dir='ltr'>utra</span> <span class='ocrx_word' id='word_1_97' title='bbox 1556 689 1687 730; x_wconf 91' lang='lat' dir='ltr'>socie-</span> 
     </span>
     <span class='ocr_line' id='line_1_11' title="bbox 114 748 1687 805; baseline -0.003 -12"><span class='ocrx_word' id='word_1_98' title='bbox 114 754 183 794; x_wconf 89' lang='lat' dir='ltr'>tas</span> <span class='ocrx_word' id='word_1_99' title='bbox 222 752 278 793; x_wconf 89' lang='lat' dir='ltr'>sit</span> <span class='ocrx_word' id='word_1_100' title='bbox 316 752 476 805; x_wconf 90' lang='lat' dir='ltr'>utilior,</span> <span class='ocrx_word' id='word_1_101' title='bbox 520 765 614 791; x_wconf 89' lang='lat' dir='ltr'>eam</span> <span class='ocrx_word' id='word_1_102' title='bbox 652 751 780 805; x_wconf 89' lang='lat' dir='ltr'>longe</span> <span class='ocrx_word' id='word_1_103' title='bbox 818 750 1028 791; x_wconf 86' lang='lat' dir='ltr'>minorem</span> <span class='ocrx_word' id='word_1_104' title='bbox 1060 763 1107 790; x_wconf 92' lang='lat' dir='ltr'>ac</span> <span class='ocrx_word' id='word_1_105' title='bbox 1140 748 1312 790; x_wconf 87' lang='lat' dir='ltr'>levioris</span> <span class='ocrx_word' id='word_1_106' title='bbox 1346 748 1556 789; x_wconf 85' lang='lat' dir='ltr'>momenti</span> <span class='ocrx_word' id='word_1_107' title='bbox 1589 762 1687 789; x_wconf 90' lang='lat' dir='ltr'>con-</span> 
     </span>
     <span class='ocr_line' id='line_1_12' title="bbox 116 805 1736 864; baseline -0.003 -12"><span class='ocrx_word' id='word_1_108' title='bbox 116 811 393 852; x_wconf 88' lang='lat' dir='ltr'>sultationem</span> <span class='ocrx_word' id='word_1_109' title='bbox 426 824 537 864; x_wconf 69' lang='lat' dir='ltr'>esse,</span> <span class='ocrx_word' id='word_1_110' title='bbox 571 809 644 851; x_wconf 92' lang='lat' dir='ltr'>sed</span> <span class='ocrx_word' id='word_1_111' title='bbox 675 811 823 850; x_wconf 89' lang='lat' dir='ltr'>tamen</span> <span class='ocrx_word' id='word_1_112' title='bbox 855 808 1057 850; x_wconf 86' lang='lat' dir='ltr'>Hieronis</span> <span class='ocrx_word' id='word_1_113' title='bbox 1090 809 1234 862; x_wconf 88' lang='lat' dir='ltr'>potius</span> <span class='ocrx_word' id='word_1_114' title='bbox 1268 822 1396 861; x_wconf 90' lang='lat' dir='ltr'>quam</span> <span class='ocrx_word' id='word_1_115' title='bbox 1429 805 1687 860; x_wconf 84' lang='lat' dir='ltr'>Hieronymi</span> <span class='ocrx_word' id='word_1_116' title='bbox 1716 817 1736 848; x_wconf 83' lang='grc'><strong>6</strong></span> 
     </span>
     <span class='ocr_line' id='line_1_13' title="bbox 115 865 1686 924; baseline -0.003 -13"><span class='ocrx_word' id='word_1_117' title='bbox 115 870 414 911; x_wconf 87' lang='lat' dir='ltr'>auctoritatem</span> <span class='ocrx_word' id='word_1_118' title='bbox 459 869 718 924; x_wconf 88' lang='lat' dir='ltr'>sequendam</span> <span class='ocrx_word' id='word_1_119' title='bbox 756 868 801 909; x_wconf 92' lang='lat' dir='ltr'>in</span> <span class='ocrx_word' id='word_1_120' title='bbox 840 868 967 910; x_wconf 87' lang='lat' dir='ltr'>sociis</span> <span class='ocrx_word' id='word_1_121' title='bbox 1011 867 1222 922; x_wconf 82' lang='lat' dir='ltr'>legendis,</span> <span class='ocrx_word' id='word_1_122' title='bbox 1267 867 1334 907; x_wconf 87' lang='lat' dir='ltr'>vel</span> <span class='ocrx_word' id='word_1_123' title='bbox 1367 865 1686 921; x_wconf 82' lang='lat' dir='ltr'>quinquaginta</span> 
     </span>
     <span class='ocr_line' id='line_1_14' title="bbox 115 925 1684 982; baseline -0.003 -12"><span class='ocrx_word' id='word_1_124' title='bbox 115 929 244 970; x_wconf 87' lang='lat' dir='ltr'>annis</span> <span class='ocrx_word' id='word_1_125' title='bbox 278 928 458 970; x_wconf 81' lang='lat' dir='ltr'>feliciter</span> <span class='ocrx_word' id='word_1_126' title='bbox 490 930 707 982; x_wconf 82' lang='lat' dir='ltr'>expertam</span> <span class='ocrx_word' id='word_1_127' title='bbox 741 927 979 969; x_wconf 80' lang='lat' dir='ltr'>amicitiam</span> <span class='ocrx_word' id='word_1_128' title='bbox 1010 941 1124 968; x_wconf 86' lang='lat' dir='ltr'>nunc</span> <span class='ocrx_word' id='word_1_129' title='bbox 1157 926 1419 981; x_wconf 80' lang='lat' dir='ltr'>incognitae,</span> <span class='ocrx_word' id='word_1_130' title='bbox 1466 925 1684 979; x_wconf 88' lang='lat' dir='ltr'>quondam</span> 
     </span>
     <span class='ocr_line' id='line_1_15' title="bbox 113 983 1734 1041; baseline -0.002 -12"><span class='ocrx_word' id='word_1_131' title='bbox 113 987 277 1034; x_wconf 87' lang='lat' dir='ltr'>infideli</span> <span class='ocrx_word' id='word_1_132' title='bbox 313 987 648 1041; x_wconf 81' lang='lat' dir='ltr'>praeferendam.</span> <span class='ocrx_word' id='word_1_133' title='bbox 705 1001 797 1028; x_wconf 86' lang='lat' dir='ltr'>esse</span> <span class='ocrx_word' id='word_1_134' title='bbox 837 986 968 1028; x_wconf 84' lang='lat' dir='ltr'>etiam</span> <span class='ocrx_word' id='word_1_135' title='bbox 1007 985 1215 1027; x_wconf 88' lang='lat' dir='ltr'>momenti</span> <span class='ocrx_word' id='word_1_136' title='bbox 1257 984 1418 1039; x_wconf 87' lang='lat' dir='ltr'>aliquid</span> <span class='ocrx_word' id='word_1_137' title='bbox 1457 983 1510 1025; x_wconf 88' lang='lat' dir='ltr'>ad</span> <span class='ocrx_word' id='word_1_138' title='bbox 1549 984 1686 1026; x_wconf 88' lang='lat' dir='ltr'>consi·</span> <span class='ocrx_word' id='word_1_139' title='bbox 1714 995 1734 1026; x_wconf 75' lang='lat' dir='ltr'>’a&#39;</span> 
     </span>
     <span class='ocr_line' id='line_1_16' title="bbox 113 1043 1685 1101; baseline -0.003 -14"><span class='ocrx_word' id='word_1_140' title='bbox 113 1047 236 1100; x_wconf 87' lang='lat' dir='ltr'>lium,</span> <span class='ocrx_word' id='word_1_141' title='bbox 269 1047 383 1101; x_wconf 88' lang='lat' dir='ltr'>quod</span> <span class='ocrx_word' id='word_1_142' title='bbox 403 1045 836 1101; x_wconf 84' lang='lat' dir='ltr'>Carthaginiensibus</span> <span class='ocrx_word' id='word_1_143' title='bbox 868 1046 930 1086; x_wconf 89' lang='lat' dir='ltr'>ita</span> <span class='ocrx_word' id='word_1_144' title='bbox 962 1060 1046 1099; x_wconf 72' lang='lat' dir='ltr'>pax</span> <span class='ocrx_word' id='word_1_145' title='bbox 1066 1044 1215 1099; x_wconf 88' lang='lat' dir='ltr'>negari</span> <span class='ocrx_word' id='word_1_146' title='bbox 1235 1044 1393 1098; x_wconf 83' lang='lat' dir='ltr'>possit,</span> <span class='ocrx_word' id='word_1_147' title='bbox 1426 1045 1474 1084; x_wconf 90' lang='lat' dir='ltr'>ut</span> <span class='ocrx_word' id='word_1_148' title='bbox 1495 1058 1584 1084; x_wconf 90' lang='lat' dir='ltr'>non</span> <span class='ocrx_word' id='word_1_149' title='bbox 1604 1043 1685 1084; x_wconf 91' lang='lat' dir='ltr'>uti-</span> 
     </span>
     <span class='ocr_line' id='line_1_17' title="bbox 115 1102 1684 1160; baseline -0.003 -14"><span class='ocrx_word' id='word_1_150' title='bbox 115 1119 196 1160; x_wconf 91' lang='lat' dir='ltr'>que</span> <span class='ocrx_word' id='word_1_151' title='bbox 237 1106 284 1147; x_wconf 93' lang='lat' dir='ltr'>in</span> <span class='ocrx_word' id='word_1_152' title='bbox 315 1105 559 1159; x_wconf 85' lang='lat' dir='ltr'>praesentia</span> <span class='ocrx_word' id='word_1_153' title='bbox 592 1105 754 1146; x_wconf 90' lang='lat' dir='ltr'>bellum</span> <span class='ocrx_word' id='word_1_154' title='bbox 787 1119 882 1146; x_wconf 86' lang='lat' dir='ltr'>cum</span> <span class='ocrx_word' id='word_1_155' title='bbox 915 1104 975 1146; x_wconf 89' lang='lat' dir='ltr'>eis</span> <span class='ocrx_word' id='word_1_156' title='bbox 1008 1106 1200 1158; x_wconf 85' lang='lat' dir='ltr'>geratur:</span> <span class='ocrx_word' id='word_1_157' title='bbox 1246 1117 1342 1144; x_wconf 89' lang='lat' dir='ltr'>cum</span> <span class='ocrx_word' id='word_1_158' title='bbox 1375 1102 1582 1144; x_wconf 83' lang='lat' dir='ltr'>Romanis</span> <span class='ocrx_word' id='word_1_159' title='bbox 1616 1116 1684 1142; x_wconf 81' lang='lat' dir='ltr'>ex-</span> 
     </span>
     <span class='ocr_line' id='line_1_18' title="bbox 113 1160 1731 1218; baseline -0.002 -12"><span class='ocrx_word' id='word_1_160' title='bbox 113 1165 278 1218; x_wconf 89' lang='lat' dir='ltr'>templo</span> <span class='ocrx_word' id='word_1_161' title='bbox 312 1169 386 1205; x_wconf 89' lang='lat' dir='ltr'>aut</span> <span class='ocrx_word' id='word_1_162' title='bbox 410 1179 559 1218; x_wconf 82' lang='lat' dir='ltr'>pacem</span> <span class='ocrx_word' id='word_1_163' title='bbox 581 1167 654 1205; x_wconf 89' lang='lat' dir='ltr'>aut</span> <span class='ocrx_word' id='word_1_164' title='bbox 674 1164 836 1205; x_wconf 86' lang='lat' dir='ltr'>bellurn</span> <span class='ocrx_word' id='word_1_165' title='bbox 855 1163 1114 1204; x_wconf 86' lang='lat' dir='ltr'>habendum.</span> <span class='ocrx_word' id='word_1_166' title='bbox 1165 1177 1248 1217; x_wconf 87' lang='lat' dir='ltr'>quo</span> <span class='ocrx_word' id='word_1_167' title='bbox 1269 1162 1410 1203; x_wconf 89' lang='lat' dir='ltr'>minus</span> <span class='ocrx_word' id='word_1_168' title='bbox 1432 1160 1683 1215; x_wconf 84' lang='lat' dir='ltr'>cupiditatis</span> <span class='ocrx_word' id='word_1_169' title='bbox 1711 1172 1731 1203; x_wconf 86' lang='grc'>8</span> 
     </span>
     <span class='ocr_line' id='line_1_19' title="bbox 115 1220 1683 1275; baseline -0.003 -11"><span class='ocrx_word' id='word_1_170' title='bbox 115 1238 164 1264; x_wconf 90' lang='lat' dir='ltr'>ac</span> <span class='ocrx_word' id='word_1_171' title='bbox 206 1223 336 1264; x_wconf 90' lang='lat' dir='ltr'>studii</span> <span class='ocrx_word' id='word_1_172' title='bbox 376 1224 469 1264; x_wconf 85' lang='lat' dir='ltr'>visa</span> <span class='ocrx_word' id='word_1_173' title='bbox 509 1226 574 1264; x_wconf 87' lang='lat' dir='ltr'>est</span> <span class='ocrx_word' id='word_1_174' title='bbox 606 1223 743 1264; x_wconf 88' lang='lat' dir='ltr'>oratio</span> <span class='ocrx_word' id='word_1_175' title='bbox 777 1223 953 1275; x_wconf 85' lang='lat' dir='ltr'>habere,</span> <span class='ocrx_word' id='word_1_176' title='bbox 996 1236 1044 1263; x_wconf 93' lang='lat' dir='ltr'>eo</span> <span class='ocrx_word' id='word_1_177' title='bbox 1085 1221 1180 1275; x_wconf 90' lang='lat' dir='ltr'>plus</span> <span class='ocrx_word' id='word_1_178' title='bbox 1214 1221 1487 1262; x_wconf 85' lang='lat' dir='ltr'>auctoritatis</span> <span class='ocrx_word' id='word_1_179' title='bbox 1519 1220 1683 1261; x_wconf 86' lang='lat' dir='ltr'>habuit.</span> 
     </span>
     <span class='ocr_line' id='line_1_20' title="bbox 115 1279 1685 1336; baseline -0.003 -13"><span class='ocrx_word' id='word_1_180' title='bbox 115 1282 328 1323; x_wconf 88' lang='lat' dir='ltr'>adiectum</span> <span class='ocrx_word' id='word_1_181' title='bbox 361 1284 425 1323; x_wconf 92' lang='lat' dir='ltr'>est</span> <span class='ocrx_word' id='word_1_182' title='bbox 456 1282 727 1336; x_wconf 81' lang='lat' dir='ltr'>praetoribus</span> <span class='ocrx_word' id='word_1_183' title='bbox 761 1296 809 1323; x_wconf 90' lang='lat' dir='ltr'>ac</span> <span class='ocrx_word' id='word_1_184' title='bbox 843 1282 1017 1323; x_wconf 89' lang='lat' dir='ltr'>delectis</span> <span class='ocrx_word' id='word_1_185' title='bbox 1051 1282 1300 1322; x_wconf 85' lang='lat' dir='ltr'>senatorum</span> <span class='ocrx_word' id='word_1_186' title='bbox 1333 1279 1519 1320; x_wconf 85' lang='lat' dir='ltr'>militare</span> <span class='ocrx_word' id='word_1_187' title='bbox 1553 1279 1685 1320; x_wconf 89' lang='lat' dir='ltr'>etiam</span> 
     </span>
     <span class='ocr_line' id='line_1_21' title="bbox 115 1338 1685 1394; baseline -0.003 -12"><span class='ocrx_word' id='word_1_188' title='bbox 115 1341 357 1394; x_wconf 83' lang='lat' dir='ltr'>consilium,</span> <span class='ocrx_word' id='word_1_189' title='bbox 402 1341 510 1382; x_wconf 88' lang='lat' dir='ltr'>iussi</span> <span class='ocrx_word' id='word_1_190' title='bbox 549 1344 591 1382; x_wconf 89' lang='lat' dir='ltr'>et</span> <span class='ocrx_word' id='word_1_191' title='bbox 630 1341 756 1382; x_wconf 88' lang='lat' dir='ltr'>duces</span> <span class='ocrx_word' id='word_1_192' title='bbox 790 1340 987 1382; x_wconf 87' lang='lat' dir='ltr'>ordinum</span> <span class='ocrx_word' id='word_1_193' title='bbox 1020 1339 1310 1394; x_wconf 87' lang='lat' dir='ltr'>praefectique</span> <span class='ocrx_word' id='word_1_194' title='bbox 1342 1338 1597 1380; x_wconf 82' lang='lat' dir='ltr'>auxiliorum</span> <span class='ocrx_word' id='word_1_195' title='bbox 1633 1338 1685 1379; x_wconf 81' lang='lat' dir='ltr'>si-</span> 
     </span>
     <span class='ocr_line' id='line_1_22' title="bbox 115 1397 1732 1453; baseline -0.001 -12"><span class='ocrx_word' id='word_1_196' title='bbox 115 1400 204 1440; x_wconf 87' lang='lat' dir='ltr'>mul</span> <span class='ocrx_word' id='word_1_197' title='bbox 239 1400 468 1441; x_wconf 89' lang='lat' dir='ltr'>consulere.</span> <span class='ocrx_word' id='word_1_198' title='bbox 519 1414 616 1441; x_wconf 90' lang='lat' dir='ltr'>cum</span> <span class='ocrx_word' id='word_1_199' title='bbox 648 1414 773 1453; x_wconf 89' lang='lat' dir='ltr'>saepe</span> <span class='ocrx_word' id='word_1_200' title='bbox 807 1402 902 1441; x_wconf 88' lang='lat' dir='ltr'>acta</span> <span class='ocrx_word' id='word_1_201' title='bbox 934 1413 1001 1440; x_wconf 91' lang='lat' dir='ltr'>res</span> <span class='ocrx_word' id='word_1_202' title='bbox 1029 1400 1142 1440; x_wconf 86' lang='lat' dir='ltr'>esset</span> <span class='ocrx_word' id='word_1_203' title='bbox 1168 1398 1339 1453; x_wconf 86' lang='lat' dir='ltr'>magnis</span> <span class='ocrx_word' id='word_1_204' title='bbox 1367 1397 1686 1450; x_wconf 83' lang='lat' dir='ltr'>certaminibus,</span> <span class='ocrx_word' id='word_1_205' title='bbox 1713 1409 1732 1439; x_wconf 83' lang='lat'>9</span> 
     </span>
     <span class='ocr_line' id='line_1_23' title="bbox 115 1456 1686 1513; baseline -0.002 -14"><span class='ocrx_word' id='word_1_206' title='bbox 115 1462 352 1512; x_wconf 82' lang='lat' dir='ltr'>postremo,</span> <span class='ocrx_word' id='word_1_207' title='bbox 398 1459 497 1512; x_wconf 89' lang='lat' dir='ltr'>quia</span> <span class='ocrx_word' id='word_1_208' title='bbox 535 1459 635 1499; x_wconf 91' lang='lat' dir='ltr'>belli</span> <span class='ocrx_word' id='word_1_209' title='bbox 675 1473 771 1499; x_wconf 90' lang='lat' dir='ltr'>cum</span> <span class='ocrx_word' id='word_1_210' title='bbox 802 1457 1009 1500; x_wconf 86' lang='lat' dir='ltr'>Romanis</span> <span class='ocrx_word' id='word_1_211' title='bbox 1049 1457 1223 1513; x_wconf 87' lang='lat' dir='ltr'>gerendi</span> <span class='ocrx_word' id='word_1_212' title='bbox 1255 1456 1369 1498; x_wconf 89' lang='lat' dir='ltr'>ratio</span> <span class='ocrx_word' id='word_1_213' title='bbox 1402 1456 1522 1497; x_wconf 90' lang='lat' dir='ltr'>nulla</span> <span class='ocrx_word' id='word_1_214' title='bbox 1555 1470 1686 1510; x_wconf 89' lang='lat' dir='ltr'>appa-</span> 
     </span>
    </p>
   </div>
   <div class='ocr_carea' id='block_1_3' title="bbox 114 1514 1684 1571">
    <p class='ocr_par' dir='ltr' id='par_1_3' title="bbox 114 1514 1684 1571">
     <span class='ocr_line' id='line_1_24' title="bbox 114 1514 1684 1571; baseline -0.002 -13"><span class='ocrx_word' id='word_1_215' title='bbox 114 1518 255 1570; x_wconf 88' lang='lat' dir='ltr'>rebat,</span> <span class='ocrx_word' id='word_1_216' title='bbox 298 1531 445 1571; x_wconf 90' lang='lat' dir='ltr'>pacem</span> <span class='ocrx_word' id='word_1_217' title='bbox 485 1517 583 1558; x_wconf 85' lang='lat' dir='ltr'>fieri</span> <span class='ocrx_word' id='word_1_218' title='bbox 623 1518 785 1571; x_wconf 85' lang='lat' dir='ltr'>placuit</span> <span class='ocrx_word' id='word_1_219' title='bbox 826 1531 921 1558; x_wconf 89' lang='lat' dir='ltr'>cum</span> <span class='ocrx_word' id='word_1_220' title='bbox 962 1517 1022 1558; x_wconf 89' lang='lat' dir='ltr'>eis</span> <span class='ocrx_word' id='word_1_221' title='bbox 1066 1516 1260 1570; x_wconf 88' lang='lat' dir='ltr'>mittique</span> <span class='ocrx_word' id='word_1_222' title='bbox 1299 1516 1467 1570; x_wconf 90' lang='lat' dir='ltr'>legatos</span> <span class='ocrx_word' id='word_1_223' title='bbox 1508 1514 1562 1556; x_wconf 90' lang='lat' dir='ltr'>ad</span> <span class='ocrx_word' id='word_1_224' title='bbox 1593 1528 1684 1555; x_wconf 91' lang='lat' dir='ltr'>rem</span> 
     </span>
    </p>
   </div>
   <div class='ocr_carea' id='block_1_4' title="bbox 115 1575 465 1618">
    <p class='ocr_par' dir='ltr' id='par_1_4' title="bbox 115 1575 465 1618">
     <span class='ocr_line' id='line_1_25' title="bbox 115 1575 465 1618; baseline -0.003 0"><span class='ocrx_word' id='word_1_225' title='bbox 115 1575 465 1618; x_wconf 88' lang='lat' dir='ltr'>confirmandam.</span> 
     </span>
    </p>
   </div>
   <div class='ocr_carea' id='block_1_5' title="bbox 232 1632 1760 1689">
    <p class='ocr_par' dir='ltr' id='par_1_5' title="bbox 232 1632 1760 1689">
     <span class='ocr_line' id='line_1_26' title="bbox 232 1632 1760 1689; baseline 0 -14"><span class='ocrx_word' id='word_1_226' title='bbox 232 1634 335 1676; x_wconf 92' lang='lat' dir='ltr'>Dies</span> <span class='ocrx_word' id='word_1_227' title='bbox 373 1635 486 1676; x_wconf 89' lang='lat' dir='ltr'>haud</span> <span class='ocrx_word' id='word_1_228' title='bbox 517 1635 579 1677; x_wconf 89' lang='lat' dir='ltr'>ita</span> <span class='ocrx_word' id='word_1_229' title='bbox 611 1636 736 1676; x_wconf 83' lang='lat' dir='ltr'>multi</span> <span class='ocrx_word' id='word_1_230' title='bbox 767 1635 1122 1689; x_wconf 79' lang='lat' dir='ltr'>intercesserunt,</span> <span class='ocrx_word' id='word_1_231' title='bbox 1160 1647 1257 1674; x_wconf 87' lang='lat' dir='ltr'>cum</span> <span class='ocrx_word' id='word_1_232' title='bbox 1290 1632 1596 1674; x_wconf 67' lang='lat' dir='ltr'>eir-Leontinis</span> <span class='ocrx_word' id='word_1_233' title='bbox 1629 1632 1686 1672; x_wconf 92' lang='lat' dir='ltr'>le·</span> <span class='ocrx_word' id='word_1_234' title='bbox 1705 1633 1760 1675; x_wconf 79' lang='lat'>29</span> 
     </span>
    </p>
   </div>
   <div class='ocr_carea' id='block_1_6' title="bbox 115 1773 865 2147">
    <p class='ocr_par' dir='ltr' id='par_1_6' title="bbox 115 1773 865 2043">
     <span class='ocr_line' id='line_1_27' title="bbox 158 1773 862 1819; baseline 0 -11"><span class='ocrx_word' id='word_1_235' title='bbox 158 1774 373 1818; x_wconf 72' lang='lat' dir='ltr'>principum</span> <span class='ocrx_word' id='word_1_236' title='bbox 398 1775 511 1819; x_wconf 68' lang='lat' dir='ltr'>unus]</span> <span class='ocrx_word' id='word_1_237' title='bbox 545 1774 680 1808; x_wconf 85' lang='lat' dir='ltr'>ebenso</span> <span class='ocrx_word' id='word_1_238' title='bbox 713 1773 772 1817; x_wconf 78' lang='lat'>25,</span> <span class='ocrx_word' id='word_1_239' title='bbox 805 1778 862 1816; x_wconf 78' lang='lat'>23,</span> 
     </span>
     <span class='ocr_line' id='line_1_28' title="bbox 116 1821 865 1856; baseline 0 -1"><span class='ocrx_word' id='word_1_240' title='bbox 116 1825 136 1855; x_wconf 88' lang='grc'><strong>6</strong></span> <span class='ocrx_word' id='word_1_241' title='bbox 181 1832 278 1855; x_wconf 81' lang='lat' dir='ltr'>unus</span> <span class='ocrx_word' id='word_1_242' title='bbox 320 1822 465 1855; x_wconf 75' lang='lat' dir='ltr'>exulum</span> <span class='ocrx_word' id='word_1_243' title='bbox 502 1821 578 1854; x_wconf 86' lang='lat' dir='ltr'>und</span> <span class='ocrx_word' id='word_1_244' title='bbox 617 1823 719 1855; x_wconf 83' lang='lat' dir='ltr'>sonst</span> <span class='ocrx_word' id='word_1_245' title='bbox 761 1821 865 1856; x_wconf 84' lang='lat' dir='ltr'>nicht</span> 
     </span>
     <span class='ocr_line' id='line_1_29' title="bbox 117 1867 863 1912; baseline -0.001 -10"><span class='ocrx_word' id='word_1_246' title='bbox 117 1868 254 1909; x_wconf 79' lang='lat' dir='ltr'>selten3</span> <span class='ocrx_word' id='word_1_247' title='bbox 283 1868 370 1902; x_wconf 86' lang='lat' dir='ltr'>aber</span> <span class='ocrx_word' id='word_1_248' title='bbox 397 1868 484 1902; x_wconf 86' lang='lat' dir='ltr'>weit</span> <span class='ocrx_word' id='word_1_249' title='bbox 503 1867 672 1912; x_wconf 67' lang='lat' dir='ltr'>haufiger</span> <span class='ocrx_word' id='word_1_250' title='bbox 691 1879 788 1902; x_wconf 79' lang='lat' dir='ltr'>unus</span> <span class='ocrx_word' id='word_1_251' title='bbox 809 1879 863 1911; x_wconf 68' lang='lat' dir='ltr'>em,</span> 
     </span>
     <span class='ocr_line' id='line_1_30' title="bbox 116 1915 860 1958; baseline 0 -10"><span class='ocrx_word' id='word_1_252' title='bbox 116 1915 185 1949; x_wconf 89' lang='lat' dir='ltr'>wie</span> <span class='ocrx_word' id='word_1_253' title='bbox 218 1915 277 1949; x_wconf 90' lang='lat' dir='ltr'>bei</span> <span class='ocrx_word' id='word_1_254' title='bbox 309 1915 452 1955; x_wconf 83' lang='lat' dir='ltr'>Cicero;</span> <span class='ocrx_word' id='word_1_255' title='bbox 489 1927 516 1949; x_wconf 89' lang='lat' dir='ltr'>z.</span> <span class='ocrx_word' id='word_1_256' title='bbox 545 1915 584 1949; x_wconf 91' lang='lat' dir='ltr'>B.</span> <span class='ocrx_word' id='word_1_257' title='bbox 619 1919 649 1957; x_wconf 79' lang='grc'>7,</span> <span class='ocrx_word' id='word_1_258' title='bbox 676 1919 708 1948; x_wconf 88' lang='lat'>4.</span> <span class='ocrx_word' id='word_1_259' title='bbox 754 1919 815 1958; x_wconf 77' lang='lat'>22,</span> <span class='ocrx_word' id='word_1_260' title='bbox 845 1919 860 1948; x_wconf 92' lang='lat'>1</span> 
     </span>
     <span class='ocr_line' id='line_1_31' title="bbox 116 1963 865 2005; baseline 0 -9"><span class='ocrx_word' id='word_1_261' title='bbox 116 1972 159 1996; x_wconf 78' lang='lat' dir='ltr'>ex</span> <span class='ocrx_word' id='word_1_262' title='bbox 179 1963 415 2005; x_wconf 68' lang='lat' dir='ltr'>principibus</span> <span class='ocrx_word' id='word_1_263' title='bbox 434 1972 540 1996; x_wconf 73' lang='lat' dir='ltr'>unus.</span> <span class='ocrx_word' id='word_1_264' title='bbox 581 1965 636 2004; x_wconf 78' lang='lat'>27,</span> <span class='ocrx_word' id='word_1_265' title='bbox 666 1966 683 1995; x_wconf 88' lang='lat'>1</span> <span class='ocrx_word' id='word_1_266' title='bbox 708 1972 802 1996; x_wconf 76' lang='lat' dir='ltr'>unus</span> <span class='ocrx_word' id='word_1_267' title='bbox 822 1973 865 1996; x_wconf 69' lang='lat' dir='ltr'>ex</span> 
     </span>
     <span class='ocr_line' id='line_1_32' title="bbox 115 2009 390 2043; baseline 0 -1"><span class='ocrx_word' id='word_1_268' title='bbox 115 2009 246 2043; x_wconf 72' lang='lat' dir='ltr'>ultima</span> <span class='ocrx_word' id='word_1_269' title='bbox 273 2009 390 2043; x_wconf 68' lang='lat' dir='ltr'>turba.</span> 
     </span>
    </p>

    <p class='ocr_par' dir='ltr' id='par_1_7' title="bbox 117 2055 863 2147">
     <span class='ocr_line' id='line_1_33' title="bbox 164 2055 863 2101; baseline 0 -12"><span class='ocrx_word' id='word_1_270' title='bbox 164 2056 221 2101; x_wconf 80' lang='lat' dir='ltr'>ut]</span> <span class='ocrx_word' id='word_1_271' title='bbox 231 2055 524 2090; x_wconf 63' lang='lat' dir='ltr'>einschrankend</span> <span class='ocrx_word' id='word_1_272' title='bbox 534 2070 540 2089; x_wconf 90' lang='lat'>:</span> <span class='ocrx_word' id='word_1_273' title='bbox 552 2055 661 2089; x_wconf 82' lang='lat' dir='ltr'>‘nach</span> <span class='ocrx_word' id='word_1_274' title='bbox 672 2056 863 2100; x_wconf 81' lang='lat' dir='ltr'>Massgabe</span> 
     </span>
     <span class='ocr_line' id='line_1_34' title="bbox 117 2102 564 2147; baseline 0.002 -11"><span class='ocrx_word' id='word_1_275' title='bbox 117 2102 181 2137; x_wconf 89' lang='lat' dir='ltr'>der</span> <span class='ocrx_word' id='word_1_276' title='bbox 209 2103 408 2137; x_wconf 81' lang='lat' dir='ltr'>kritischen</span> <span class='ocrx_word' id='word_1_277' title='bbox 437 2103 564 2147; x_wconf 70' lang='lat' dir='ltr'>Lage’.</span> 
     </span>
    </p>
   </div>
   <div class='ocr_carea' id='block_1_7' title="bbox 116 2160 867 2969">
    <p class='ocr_par' dir='ltr' id='par_1_8' title="bbox 116 2160 863 2301">
     <span class='ocr_line' id='line_1_35' title="bbox 164 2160 863 2206; baseline 0 -11"><span class='ocrx_word' id='word_1_278' title='bbox 164 2166 198 2195; x_wconf 87' lang='lat'>4.</span> <span class='ocrx_word' id='word_1_279' title='bbox 223 2163 256 2195; x_wconf 76' lang='lat' dir='ltr'>si</span> <span class='ocrx_word' id='word_1_280' title='bbox 282 2163 364 2206; x_wconf 72' lang='lat' dir='ltr'>alii]</span> <span class='ocrx_word' id='word_1_281' title='bbox 394 2161 453 2196; x_wconf 88' lang='lat' dir='ltr'>bei</span> <span class='ocrx_word' id='word_1_282' title='bbox 473 2162 637 2196; x_wconf 85' lang='lat' dir='ltr'>solchem</span> <span class='ocrx_word' id='word_1_283' title='bbox 658 2160 863 2205; x_wconf 77' lang='lat' dir='ltr'>Gegensatz</span> 
     </span>
     <span class='ocr_line' id='line_1_36' title="bbox 116 2209 863 2253; baseline 0 -11"><span class='ocrx_word' id='word_1_284' title='bbox 116 2209 164 2242; x_wconf 80' lang='lat' dir='ltr'>ist</span> <span class='ocrx_word' id='word_1_285' title='bbox 176 2210 236 2243; x_wconf 81' lang='lat' dir='ltr'>sin</span> <span class='ocrx_word' id='word_1_286' title='bbox 250 2209 535 2253; x_wconf 73' lang='lat' dir='ltr'>gewohnlicher,</span> <span class='ocrx_word' id='word_1_287' title='bbox 559 2209 654 2243; x_wconf 89' lang='lat' dir='ltr'>doch</span> <span class='ocrx_word' id='word_1_288' title='bbox 671 2209 744 2253; x_wconf 84' lang='lat' dir='ltr'>vgl.</span> <span class='ocrx_word' id='word_1_289' title='bbox 761 2212 815 2251; x_wconf 88' lang='lat'>33,</span> <span class='ocrx_word' id='word_1_290' title='bbox 833 2213 863 2243; x_wconf 82' lang='grc'>6.</span> 
     </span>
     <span class='ocr_line' id='line_1_37' title="bbox 164 2256 813 2301; baseline -0.002 -11"><span class='ocrx_word' id='word_1_291' title='bbox 164 2260 196 2290; x_wconf 84' lang='grc'>6.</span> <span class='ocrx_word' id='word_1_292' title='bbox 223 2257 291 2301; x_wconf 77' lang='lat' dir='ltr'>vel]</span> <span class='ocrx_word' id='word_1_293' title='bbox 319 2256 509 2299; x_wconf 85' lang='lat' dir='ltr'>correctio,</span> <span class='ocrx_word' id='word_1_294' title='bbox 534 2272 577 2284; x_wconf 84' lang='lat'>=</span> <span class='ocrx_word' id='word_1_295' title='bbox 604 2257 657 2290; x_wconf 82' lang='lat' dir='ltr'>vel</span> <span class='ocrx_word' id='word_1_296' title='bbox 677 2256 813 2299; x_wconf 69' lang='lat' dir='ltr'>potius.</span> 
     </span>
    </p>

    <p class='ocr_par' dir='ltr' id='par_1_9' title="bbox 118 2303 867 2817">
     <span class='ocr_line' id='line_1_38' title="bbox 167 2303 865 2348; baseline 0.001 -12"><span class='ocrx_word' id='word_1_297' title='bbox 167 2307 198 2338; x_wconf 83' lang='lat'>7.</span> <span class='ocrx_word' id='word_1_298' title='bbox 225 2304 273 2337; x_wconf 77' lang='lat' dir='ltr'>ad</span> <span class='ocrx_word' id='word_1_299' title='bbox 298 2303 504 2348; x_wconf 58' lang='lat' dir='ltr'>commum]</span> <span class='ocrx_word' id='word_1_300' title='bbox 539 2314 643 2337; x_wconf 84' lang='lat' dir='ltr'>wozu</span> <span class='ocrx_word' id='word_1_301' title='bbox 675 2303 769 2337; x_wconf 88' lang='lat' dir='ltr'>nach</span> <span class='ocrx_word' id='word_1_302' title='bbox 803 2314 865 2347; x_wconf 84' lang='lat' dir='ltr'>ge-</span> 
     </span>
     <span class='ocr_line' id='line_1_39' title="bbox 118 2350 864 2394; baseline 0.003 -12"><span class='ocrx_word' id='word_1_303' title='bbox 118 2350 365 2385; x_wconf 74' lang='lat' dir='ltr'>wohnlichcm</span> <span class='ocrx_word' id='word_1_304' title='bbox 418 2350 747 2394; x_wconf 82' lang='lat' dir='ltr'>Sprachgebrauch</span> <span class='ocrx_word' id='word_1_305' title='bbox 805 2350 864 2385; x_wconf 86' lang='lat' dir='ltr'>ein</span> 
     </span>
     <span class='ocr_line' id='line_1_40' title="bbox 119 2396 864 2440; baseline 0.001 -10"><span class='ocrx_word' id='word_1_306' title='bbox 119 2396 371 2431; x_wconf 85' lang='lat' dir='ltr'>Gerundivum</span> <span class='ocrx_word' id='word_1_307' title='bbox 423 2397 653 2431; x_wconf 84' lang='lat' dir='ltr'>hinzutreten</span> <span class='ocrx_word' id='word_1_308' title='bbox 704 2399 864 2440; x_wconf 76' lang='lat' dir='ltr'>miisste3</span> 
     </span>
     <span class='ocr_line' id='line_1_41' title="bbox 118 2443 865 2487; baseline 0.003 -11"><span class='ocrx_word' id='word_1_309' title='bbox 118 2444 192 2487; x_wconf 88' lang='lat' dir='ltr'>vgl.</span> <span class='ocrx_word' id='word_1_310' title='bbox 220 2443 286 2486; x_wconf 79' lang='lat'>35,</span> <span class='ocrx_word' id='word_1_311' title='bbox 320 2448 382 2485; x_wconf 76' lang='lat'>25,</span> <span class='ocrx_word' id='word_1_312' title='bbox 415 2448 434 2477; x_wconf 81' lang='lat'><strong>9</strong></span> <span class='ocrx_word' id='word_1_313' title='bbox 469 2444 553 2486; x_wconf 71' lang='lat' dir='ltr'>plus</span> <span class='ocrx_word' id='word_1_314' title='bbox 586 2454 625 2477; x_wconf 78' lang='lat' dir='ltr'>ea</span> <span class='ocrx_word' id='word_1_315' title='bbox 653 2445 769 2477; x_wconf 69' lang='lat' dir='ltr'>oratio</span> <span class='ocrx_word' id='word_1_316' title='bbox 795 2455 865 2478; x_wconf 84' lang='lat' dir='ltr'>mo-</span> 
     </span>
     <span class='ocr_line' id='line_1_42' title="bbox 118 2491 865 2525; baseline 0.001 -2"><span class='ocrx_word' id='word_1_317' title='bbox 118 2492 228 2524; x_wconf 74' lang='lat' dir='ltr'>menti</span> <span class='ocrx_word' id='word_1_318' title='bbox 260 2492 308 2525; x_wconf 77' lang='lat' dir='ltr'>ad</span> <span class='ocrx_word' id='word_1_319' title='bbox 341 2491 546 2525; x_wconf 69' lang='grc' dir='ltr'>ιἠοἰίιιηιίοε</span> <span class='ocrx_word' id='word_1_320' title='bbox 579 2492 626 2524; x_wconf 76' lang='lat' dir='ltr'>ad</span> <span class='ocrx_word' id='word_1_321' title='bbox 652 2491 777 2524; x_wconf 74' lang='lat' dir='ltr'>bellum</span> <span class='ocrx_word' id='word_1_322' title='bbox 805 2492 865 2525; x_wconf 76' lang='lat' dir='ltr'>ha-</span> 
     </span>
     <span class='ocr_line' id='line_1_43' title="bbox 119 2537 867 2581; baseline 0 -10"><span class='ocrx_word' id='word_1_323' title='bbox 119 2538 199 2571; x_wconf 74' lang='lat' dir='ltr'>buit</span> <span class='ocrx_word' id='word_1_324' title='bbox 224 2549 331 2581; x_wconf 72' lang='lat' dir='ltr'>qmtm</span> <span class='ocrx_word' id='word_1_325' title='bbox 356 2539 389 2571; x_wconf 72' lang='lat' dir='ltr'>si</span> <span class='ocrx_word' id='word_1_326' title='bbox 416 2567 421 2572; x_wconf 98' lang='lat'>.</span> <span class='ocrx_word' id='word_1_327' title='bbox 451 2551 485 2576; x_wconf 89' lang='lat'>.,·</span> <span class='ocrx_word' id='word_1_328' title='bbox 513 2537 624 2571; x_wconf 83' lang='lat' dir='ltr'>allein</span> <span class='ocrx_word' id='word_1_329' title='bbox 654 2541 867 2571; x_wconf 68' lang='lat' dir='ltr'>momentum</span> 
     </span>
     <span class='ocr_line' id='line_1_44' title="bbox 119 2583 866 2619; baseline 0.001 -2"><span class='ocrx_word' id='word_1_330' title='bbox 119 2583 219 2618; x_wconf 85' lang='lat' dir='ltr'>kann</span> <span class='ocrx_word' id='word_1_331' title='bbox 245 2584 323 2619; x_wconf 84' lang='lat' dir='ltr'>sich</span> <span class='ocrx_word' id='word_1_332' title='bbox 350 2585 404 2619; x_wconf 83' lang='lat' dir='ltr'>als</span> <span class='ocrx_word' id='word_1_333' title='bbox 432 2585 490 2619; x_wconf 79' lang='lat' dir='ltr'>ein</span> <span class='ocrx_word' id='word_1_334' title='bbox 518 2584 866 2618; x_wconf 72' lang='lat' dir='ltr'>Verbalsubstantiv</span> 
     </span>
     <span class='ocr_line' id='line_1_45' title="bbox 120 2631 867 2672; baseline 0.001 -8"><span class='ocrx_word' id='word_1_335' title='bbox 120 2631 179 2672; x_wconf 90' lang='lat'>(=</span> <span class='ocrx_word' id='word_1_336' title='bbox 214 2632 478 2671; x_wconf 62' lang='lat' dir='ltr'>monimentum)</span> <span class='ocrx_word' id='word_1_337' title='bbox 517 2631 611 2665; x_wconf 88' lang='lat' dir='ltr'>auch</span> <span class='ocrx_word' id='word_1_338' title='bbox 647 2631 765 2664; x_wconf 80' lang='lat' dir='ltr'>direct</span> <span class='ocrx_word' id='word_1_339' title='bbox 799 2631 867 2665; x_wconf 83' lang='lat' dir='ltr'>mit</span> 
     </span>
     <span class='ocr_line' id='line_1_46' title="bbox 120 2677 865 2713; baseline 0.001 -2"><span class='ocrx_word' id='word_1_340' title='bbox 120 2677 205 2712; x_wconf 91' lang='lat' dir='ltr'>dem</span> <span class='ocrx_word' id='word_1_341' title='bbox 242 2678 363 2713; x_wconf 80' lang='lat' dir='ltr'>Subst.</span> <span class='ocrx_word' id='word_1_342' title='bbox 400 2678 619 2713; x_wconf 81' lang='lat' dir='ltr'>verbindcn:</span> <span class='ocrx_word' id='word_1_343' title='bbox 661 2678 744 2711; x_wconf 74' lang='lat' dir='ltr'>‘zur</span> <span class='ocrx_word' id='word_1_344' title='bbox 779 2678 865 2713; x_wconf 84' lang='lat' dir='ltr'>Ent-</span> 
     </span>
     <span class='ocr_line' id='line_1_47' title="bbox 121 2725 865 2771; baseline 0 -13"><span class='ocrx_word' id='word_1_345' title='bbox 121 2725 352 2770; x_wconf 79' lang='lat' dir='ltr'>schliessnng</span> <span class='ocrx_word' id='word_1_346' title='bbox 377 2726 473 2771; x_wconf 82' lang='lat' dir='ltr'>liege</span> <span class='ocrx_word' id='word_1_347' title='bbox 501 2726 559 2760; x_wconf 87' lang='lat' dir='ltr'>cin</span> <span class='ocrx_word' id='word_1_348' title='bbox 582 2725 786 2768; x_wconf 66' lang='lat' dir='ltr'>Ausschlag</span> <span class='ocrx_word' id='word_1_349' title='bbox 805 2736 865 2768; x_wconf 75' lang='lat' dir='ltr'>ge—</span> 
     </span>
     <span class='ocr_line' id='line_1_48' title="bbox 122 2771 865 2817; baseline 0.001 -12"><span class='ocrx_word' id='word_1_350' title='bbox 122 2771 258 2806; x_wconf 84' lang='lat' dir='ltr'>bender</span> <span class='ocrx_word' id='word_1_351' title='bbox 284 2773 538 2817; x_wconf 81' lang='lat' dir='ltr'>Bewcggrund</span> <span class='ocrx_word' id='word_1_352' title='bbox 566 2772 688 2815; x_wconf 82' lang='lat' dir='ltr'>datin,</span> <span class='ocrx_word' id='word_1_353' title='bbox 716 2772 814 2805; x_wconf 69' lang='lat' dir='ltr'>dass’</span> <span class='ocrx_word' id='word_1_354' title='bbox 834 2800 865 2807; x_wconf 94' lang='lat'>..</span> 
     </span>
    </p>

    <p class='ocr_par' dir='ltr' id='par_1_10' title="bbox 121 2829 866 2969">
     <span class='ocr_line' id='line_1_49' title="bbox 168 2829 866 2876; baseline 0 -13"><span class='ocrx_word' id='word_1_355' title='bbox 168 2831 306 2876; x_wconf 66' lang='lat' dir='ltr'>utique]</span> <span class='ocrx_word' id='word_1_356' title='bbox 336 2831 574 2875; x_wconf 49' lang='lat' dir='ltr'>fiedenfalssss</span> <span class='ocrx_word' id='word_1_357' title='bbox 602 2830 751 2873; x_wconf 72' lang='lat' dir='ltr'>cigenti.</span> <span class='ocrx_word' id='word_1_358' title='bbox 782 2829 866 2864; x_wconf 78' lang='lat' dir='ltr'>‘wie</span> 
     </span>
     <span class='ocr_line' id='line_1_50' title="bbox 121 2876 865 2912; baseline 0.001 -2"><span class='ocrx_word' id='word_1_359' title='bbox 121 2876 266 2911; x_wconf 83' lang='lat' dir='ltr'>immcr’</span> <span class='ocrx_word' id='word_1_360' title='bbox 286 2894 329 2906; x_wconf 90' lang='lat'>=</span> <span class='ocrx_word' id='word_1_361' title='bbox 347 2878 469 2912; x_wconf 83' lang='lat' dir='ltr'>‘unter</span> <span class='ocrx_word' id='word_1_362' title='bbox 495 2878 593 2912; x_wconf 83' lang='lat' dir='ltr'>allen</span> <span class='ocrx_word' id='word_1_363' title='bbox 608 2877 865 2911; x_wconf 64' lang='lat' dir='ltr'>Umstiinden’.</span> 
     </span>
     <span class='ocr_line' id='line_1_51' title="bbox 198 2942 462 2969; baseline 0.008 -2"><span class='ocrx_word' id='word_1_364' title='bbox 198 2943 256 2968; x_wconf 79' lang='lat' dir='ltr'>Tit.</span> <span class='ocrx_word' id='word_1_365' title='bbox 277 2942 343 2967; x_wconf 75' lang='lat' dir='ltr'>Liv.</span> <span class='ocrx_word' id='word_1_366' title='bbox 366 2943 399 2967; x_wconf 83' lang='grc' dir='ltr'>Β.</span> <span class='ocrx_word' id='word_1_367' title='bbox 422 2945 462 2969; x_wconf 73' lang='lat'>224.</span> 
     </span>
    </p>
   </div>
   <div class='ocr_carea' id='block_1_8' title="bbox 937 1771 1693 2288">
    <p class='ocr_par' dir='ltr' id='par_1_11' title="bbox 937 1771 1693 1958">
     <span class='ocr_line' id='line_1_52' title="bbox 985 1771 1684 1817; baseline -0.007 -8"><span class='ocrx_word' id='word_1_368' title='bbox 985 1778 1016 1809; x_wconf 91' lang='lat'>8.</span> <span class='ocrx_word' id='word_1_369' title='bbox 1062 1774 1168 1808; x_wconf 76' lang='lat' dir='ltr'>(luces</span> <span class='ocrx_word' id='word_1_370' title='bbox 1211 1772 1396 1817; x_wconf 31' lang='lat' dir='ltr'>ordina-m]</span> <span class='ocrx_word' id='word_1_371' title='bbox 1442 1771 1518 1805; x_wconf 90' lang='lat' dir='ltr'>und</span> <span class='ocrx_word' id='word_1_372' title='bbox 1563 1772 1684 1815; x_wconf 82' lang='lat' dir='ltr'>praef.</span> 
     </span>
     <span class='ocr_line' id='line_1_53' title="bbox 937 1818 1687 1864; baseline -0.004 -9"><span class='ocrx_word' id='word_1_373' title='bbox 937 1821 1053 1855; x_wconf 62' lang='lat' dir='ltr'>(auvil.</span> <span class='ocrx_word' id='word_1_374' title='bbox 1073 1822 1133 1856; x_wconf 83' lang='lat'>(=</span> <span class='ocrx_word' id='word_1_375' title='bbox 1146 1820 1266 1864; x_wconf 79' lang='lat' dir='ltr'>praef.</span> <span class='ocrx_word' id='word_1_376' title='bbox 1292 1820 1486 1856; x_wconf 73' lang='lat' dir='ltr'>sociorum)</span> <span class='ocrx_word' id='word_1_377' title='bbox 1510 1818 1593 1852; x_wconf 83' lang='lat' dir='ltr'>sind</span> <span class='ocrx_word' id='word_1_378' title='bbox 1614 1829 1687 1852; x_wconf 86' lang='lat' dir='ltr'>von</span> 
     </span>
     <span class='ocr_line' id='line_1_54' title="bbox 937 1865 1693 1902; baseline -0.004 0"><span class='ocrx_word' id='word_1_379' title='bbox 937 1868 1021 1902; x_wconf 87' lang='lat' dir='ltr'>dem</span> <span class='ocrx_word' id='word_1_380' title='bbox 1047 1871 1138 1902; x_wconf 76' lang='lat' dir='ltr'>rom.</span> <span class='ocrx_word' id='word_1_381' title='bbox 1156 1867 1374 1901; x_wconf 84' lang='lat' dir='ltr'>Heerwesen</span> <span class='ocrx_word' id='word_1_382' title='bbox 1400 1865 1594 1900; x_wconf 85' lang='lat' dir='ltr'>entlehnte</span> <span class='ocrx_word' id='word_1_383' title='bbox 1615 1865 1693 1900; x_wconf 73' lang='lat' dir='ltr'>Be-</span> 
     </span>
     <span class='ocr_line' id='line_1_55' title="bbox 937 1915 1202 1958; baseline -0.004 -10"><span class='ocrx_word' id='word_1_384' title='bbox 937 1915 1202 1958; x_wconf 84' lang='lat' dir='ltr'>zeichnungen.</span> 
     </span>
    </p>

    <p class='ocr_par' dir='ltr' id='par_1_12' title="bbox 938 1959 1693 2288">
     <span class='ocr_line' id='line_1_56' title="bbox 986 1959 1692 2005; baseline -0.004 -10"><span class='ocrx_word' id='word_1_385' title='bbox 986 1966 1017 1995; x_wconf 86' lang='lat'>9.</span> <span class='ocrx_word' id='word_1_386' title='bbox 1041 1961 1181 2005; x_wconf 75' lang='lat' dir='ltr'>pacem]</span> <span class='ocrx_word' id='word_1_387' title='bbox 1215 1961 1264 1994; x_wconf 86' lang='lat' dir='ltr'>da</span> <span class='ocrx_word' id='word_1_388' title='bbox 1290 1971 1328 1994; x_wconf 81' lang='lat' dir='ltr'>es</span> <span class='ocrx_word' id='word_1_389' title='bbox 1354 1960 1451 1994; x_wconf 89' lang='lat' dir='ltr'>noch</span> <span class='ocrx_word' id='word_1_390' title='bbox 1476 1959 1581 1993; x_wconf 90' lang='lat' dir='ltr'>nicht</span> <span class='ocrx_word' id='word_1_391' title='bbox 1608 1970 1692 1993; x_wconf 87' lang='lat' dir='ltr'>zum</span> 
     </span>
     <span class='ocr_line' id='line_1_57' title="bbox 939 2006 1692 2053; baseline -0.004 -11"><span class='ocrx_word' id='word_1_392' title='bbox 939 2008 1071 2053; x_wconf 85' lang='lat' dir='ltr'>Kriege</span> <span class='ocrx_word' id='word_1_393' title='bbox 1099 2008 1167 2042; x_wconf 87' lang='lat' dir='ltr'>mit</span> <span class='ocrx_word' id='word_1_394' title='bbox 1193 2008 1262 2042; x_wconf 88' lang='lat' dir='ltr'>den</span> <span class='ocrx_word' id='word_1_395' title='bbox 1286 2007 1446 2042; x_wconf 73' lang='lat' dir='ltr'>Romern</span> <span class='ocrx_word' id='word_1_396' title='bbox 1467 2006 1692 2050; x_wconf 79' lang='lat' dir='ltr'>gekommen</span> 
     </span>
     <span class='ocr_line' id='line_1_58' title="bbox 938 2052 1693 2098; baseline -0.001 -10"><span class='ocrx_word' id='word_1_397' title='bbox 938 2055 1003 2098; x_wconf 82' lang='lat' dir='ltr'>ist,</span> <span class='ocrx_word' id='word_1_398' title='bbox 1035 2055 1210 2089; x_wconf 82' lang='lat' dir='ltr'>bedentet</span> <span class='ocrx_word' id='word_1_399' title='bbox 1235 2065 1358 2097; x_wconf 76' lang='lat' dir='ltr'>pacem</span> <span class='ocrx_word' id='word_1_400' title='bbox 1382 2054 1500 2095; x_wconf 78' lang='lat' dir='ltr'>facere</span> <span class='ocrx_word' id='word_1_401' title='bbox 1526 2052 1607 2087; x_wconf 89' lang='lat' dir='ltr'>hier</span> <span class='ocrx_word' id='word_1_402' title='bbox 1631 2053 1693 2087; x_wconf 86' lang='lat' dir='ltr'>ein</span> 
     </span>
     <span class='ocr_line' id='line_1_59' title="bbox 938 2100 1690 2144; baseline -0.004 -8"><span class='ocrx_word' id='word_1_403' title='bbox 938 2102 1153 2136; x_wconf 76' lang='lat' dir='ltr'>friedliches</span> <span class='ocrx_word' id='word_1_404' title='bbox 1179 2102 1255 2135; x_wconf 88' lang='lat' dir='ltr'>und</span> <span class='ocrx_word' id='word_1_405' title='bbox 1281 2100 1450 2144; x_wconf 78' lang='lat' dir='ltr'>zugleich</span> <span class='ocrx_word' id='word_1_406' title='bbox 1476 2100 1690 2144; x_wconf 83' lang='lat' dir='ltr'>Bundesge-</span> 
     </span>
     <span class='ocr_line' id='line_1_60' title="bbox 938 2147 1693 2189; baseline -0.003 -7"><span class='ocrx_word' id='word_1_407' title='bbox 938 2149 1276 2184; x_wconf 68' lang='lat' dir='ltr'>nossenverhaltnis</span> <span class='ocrx_word' id='word_1_408' title='bbox 1330 2147 1541 2182; x_wconf 77' lang='lat' dir='ltr'>herstellen.</span> <span class='ocrx_word' id='word_1_409' title='bbox 1615 2158 1693 2189; x_wconf 62' lang='lat' dir='ltr'>pam</span> 
     </span>
     <span class='ocr_line' id='line_1_61' title="bbox 938 2193 1692 2238; baseline -0.004 -8"><span class='ocrx_word' id='word_1_410' title='bbox 938 2197 1015 2231; x_wconf 78' lang='lat' dir='ltr'>also</span> <span class='ocrx_word' id='word_1_411' title='bbox 1043 2196 1125 2238; x_wconf 81' lang='lat' dir='ltr'>(wie</span> <span class='ocrx_word' id='word_1_412' title='bbox 1153 2199 1171 2237; x_wconf 66' lang='grc' dir='ltr'>ξ</span> <span class='ocrx_word' id='word_1_413' title='bbox 1198 2200 1216 2229; x_wconf 83' lang='grc'><strong>7</strong></span> <span class='ocrx_word' id='word_1_414' title='bbox 1245 2208 1278 2230; x_wconf 91' lang='lat' dir='ltr'>u.</span> <span class='ocrx_word' id='word_1_415' title='bbox 1308 2199 1364 2237; x_wconf 77' lang='lat'>29,</span> <span class='ocrx_word' id='word_1_416' title='bbox 1393 2199 1422 2229; x_wconf 82' lang='lat'>7.</span> <span class='ocrx_word' id='word_1_417' title='bbox 1454 2196 1512 2235; x_wconf 73' lang='lat'>12)</span> <span class='ocrx_word' id='word_1_418' title='bbox 1534 2211 1578 2222; x_wconf 89' lang='lat'><strong><em>=</em></strong></span> <span class='ocrx_word' id='word_1_419' title='bbox 1600 2193 1692 2228; x_wconf 86' lang='lat' dir='ltr'>Ver-</span> 
     </span>
     <span class='ocr_line' id='line_1_62' title="bbox 938 2241 1690 2288; baseline -0.005 -10"><span class='ocrx_word' id='word_1_420' title='bbox 938 2246 1022 2288; x_wconf 83' lang='lat' dir='ltr'>trag</span> <span class='ocrx_word' id='word_1_421' title='bbox 1043 2260 1087 2272; x_wconf 87' lang='lat'>=</span> <span class='ocrx_word' id='word_1_422' title='bbox 1107 2244 1244 2285; x_wconf 66' lang='lat' dir='ltr'>foedm,</span> <span class='ocrx_word' id='word_1_423' title='bbox 1266 2242 1334 2276; x_wconf 84' lang='lat' dir='ltr'>wie</span> <span class='ocrx_word' id='word_1_424' title='bbox 1357 2241 1536 2277; x_wconf 78' lang='lat' dir='ltr'>ebenfalls</span> <span class='ocrx_word' id='word_1_425' title='bbox 1558 2245 1614 2285; x_wconf 71' lang='lat'>⁶29,</span> <span class='ocrx_word' id='word_1_426' title='bbox 1635 2245 1690 2275; x_wconf 79' lang='lat'>1‘2.</span> 
     </span>
    </p>
   </div>
   <div class='ocr_carea' id='block_1_9' title="bbox 939 2312 1694 2919">
    <p class='ocr_par' dir='ltr' id='par_1_13' title="bbox 939 2312 1694 2451">
     <span class='ocr_line' id='line_1_63' title="bbox 985 2312 1692 2358; baseline -0.004 -10"><span class='ocrx_word' id='word_1_427' title='bbox 985 2314 1048 2349; x_wconf 75' lang='lat'>29.</span> <span class='ocrx_word' id='word_1_428' title='bbox 1078 2313 1205 2358; x_wconf 88' lang='lat' dir='ltr'>Hipp.</span> <span class='ocrx_word' id='word_1_429' title='bbox 1234 2313 1345 2347; x_wconf 68' lang='lat' dir='ltr'>fallt</span> <span class='ocrx_word' id='word_1_430' title='bbox 1372 2312 1416 2346; x_wconf 92' lang='lat' dir='ltr'>in</span> <span class='ocrx_word' id='word_1_431' title='bbox 1436 2312 1692 2346; x_wconf 75' lang='lat' dir='ltr'>romisches</span> 
     </span>
     <span class='ocr_line' id='line_1_64' title="bbox 939 2359 1694 2402; baseline -0.004 -7"><span class='ocrx_word' id='word_1_432' title='bbox 939 2360 1102 2396; x_wconf 83' lang='lat' dir='ltr'>Gebiet</span> <span class='ocrx_word' id='word_1_433' title='bbox 1152 2361 1235 2395; x_wconf 84' lang='lat' dir='ltr'>ein.</span> <span class='ocrx_word' id='word_1_434' title='bbox 1319 2359 1534 2393; x_wconf 86' lang='lat' dir='ltr'>Leontini</span> <span class='ocrx_word' id='word_1_435' title='bbox 1585 2360 1694 2402; x_wconf 83' lang='lat' dir='ltr'>sagt</span> 
     </span>
     <span class='ocr_line' id='line_1_65' title="bbox 940 2406 1479 2451; baseline -0.004 -9"><span class='ocrx_word' id='word_1_436' title='bbox 940 2408 1036 2442; x_wconf 86' lang='lat' dir='ltr'>sich</span> <span class='ocrx_word' id='word_1_437' title='bbox 1064 2419 1148 2442; x_wconf 85' lang='lat' dir='ltr'>von</span> <span class='ocrx_word' id='word_1_438' title='bbox 1177 2406 1375 2451; x_wconf 53' lang='lat' dir='ltr'>Syr-alffius</span> <span class='ocrx_word' id='word_1_439' title='bbox 1404 2406 1479 2440; x_wconf 87' lang='lat' dir='ltr'>los.</span> 
     </span>
    </p>

    <p class='ocr_par' dir='ltr' id='par_1_14' title="bbox 939 2451 1692 2730">
     <span class='ocr_line' id='line_1_66' title="bbox 991 2451 1692 2497; baseline -0.006 -8"><span class='ocrx_word' id='word_1_440' title='bbox 991 2460 1017 2489; x_wconf 95' lang='grc'>1.</span> <span class='ocrx_word' id='word_1_441' title='bbox 1053 2454 1153 2488; x_wconf 71' lang='lat' dir='ltr'>haud</span> <span class='ocrx_word' id='word_1_442' title='bbox 1180 2455 1230 2487; x_wconf 72' lang='lat' dir='ltr'>ita</span> <span class='ocrx_word' id='word_1_443' title='bbox 1257 2453 1377 2497; x_wconf 74' lang='lat' dir='ltr'>mzdti]</span> <span class='ocrx_word' id='word_1_444' title='bbox 1410 2452 1470 2486; x_wconf 89' lang='lat' dir='ltr'>bei</span> <span class='ocrx_word' id='word_1_445' title='bbox 1496 2451 1569 2486; x_wconf 85' lang='lat' dir='ltr'>Cic.</span> <span class='ocrx_word' id='word_1_446' title='bbox 1601 2452 1692 2486; x_wconf 78' lang='lat' dir='ltr'>stcts</span> 
     </span>
     <span class='ocr_line' id='line_1_67' title="bbox 939 2499 1692 2535; baseline -0.004 0"><span class='ocrx_word' id='word_1_447' title='bbox 939 2514 1012 2535; x_wconf 72' lang='lat' dir='ltr'>non</span> <span class='ocrx_word' id='word_1_448' title='bbox 1040 2503 1091 2535; x_wconf 71' lang='lat' dir='ltr'>ita</span> <span class='ocrx_word' id='word_1_449' title='bbox 1119 2501 1233 2534; x_wconf 65' lang='lat' dir='ltr'>multi.</span> <span class='ocrx_word' id='word_1_450' title='bbox 1260 2500 1359 2534; x_wconf 74' lang='lat' dir='ltr'>hawl</span> <span class='ocrx_word' id='word_1_451' title='bbox 1386 2499 1451 2534; x_wconf 84' lang='lat' dir='ltr'>hat</span> <span class='ocrx_word' id='word_1_452' title='bbox 1476 2499 1592 2533; x_wconf 85' lang='lat' dir='ltr'>bciL.</span> <span class='ocrx_word' id='word_1_453' title='bbox 1609 2499 1692 2533; x_wconf 84' lang='lat' dir='ltr'>eine</span> 
     </span>
     <span class='ocr_line' id='line_1_68' title="bbox 939 2547 1692 2591; baseline -0.005 -9"><span class='ocrx_word' id='word_1_454' title='bbox 939 2549 1022 2583; x_wconf 87' lang='lat' dir='ltr'>sehr</span> <span class='ocrx_word' id='word_1_455' title='bbox 1060 2547 1312 2591; x_wconf 80' lang='lat' dir='ltr'>ausgedehnte</span> <span class='ocrx_word' id='word_1_456' title='bbox 1348 2547 1593 2589; x_wconf 80' lang='lat' dir='ltr'>Anwendung</span> <span class='ocrx_word' id='word_1_457' title='bbox 1633 2556 1692 2589; x_wconf 86' lang='lat' dir='ltr'>ge-</span> 
     </span>
     <span class='ocr_line' id='line_1_69' title="bbox 940 2593 1690 2637; baseline -0.004 -8"><span class='ocrx_word' id='word_1_458' title='bbox 940 2595 1095 2637; x_wconf 81' lang='lat' dir='ltr'>funden,</span> <span class='ocrx_word' id='word_1_459' title='bbox 1123 2595 1196 2628; x_wconf 80' lang='lat' dir='ltr'>fast</span> <span class='ocrx_word' id='word_1_460' title='bbox 1222 2593 1376 2628; x_wconf 81' lang='lat' dir='ltr'>stchcnd</span> <span class='ocrx_word' id='word_1_461' title='bbox 1404 2593 1440 2626; x_wconf 84' lang='lat' dir='ltr'>in</span> <span class='ocrx_word' id='word_1_462' title='bbox 1462 2593 1526 2626; x_wconf 70' lang='lat' dir='ltr'>der</span> <span class='ocrx_word' id='word_1_463' title='bbox 1548 2593 1690 2626; x_wconf 81' lang='lat' dir='ltr'>Litotes</span> 
     </span>
     <span class='ocr_line' id='line_1_70' title="bbox 942 2639 1692 2683; baseline -0.004 -7"><span class='ocrx_word' id='word_1_464' title='bbox 942 2654 1005 2676; x_wconf 88' lang='lat' dir='ltr'>vor</span> <span class='ocrx_word' id='word_1_465' title='bbox 1026 2641 1154 2675; x_wconf 67' lang='lat' dir='ltr'>Ausdr.</span> <span class='ocrx_word' id='word_1_466' title='bbox 1177 2641 1246 2674; x_wconf 85' lang='lat' dir='ltr'>mit</span> <span class='ocrx_word' id='word_1_467' title='bbox 1266 2642 1306 2674; x_wconf 80' lang='lat' dir='ltr'>in</span> <span class='ocrx_word' id='word_1_468' title='bbox 1332 2641 1555 2683; x_wconf 66' lang='lat' dir='ltr'>privativum</span> <span class='ocrx_word' id='word_1_469' title='bbox 1577 2639 1692 2683; x_wconf 87' lang='lat' dir='ltr'>(doch</span> 
     </span>
     <span class='ocr_line' id='line_1_71' title="bbox 943 2687 1690 2730; baseline -0.001 -8"><span class='ocrx_word' id='word_1_470' title='bbox 943 2702 972 2723; x_wconf 85' lang='lat' dir='ltr'>u.</span> <span class='ocrx_word' id='word_1_471' title='bbox 1001 2700 1032 2723; x_wconf 85' lang='lat' dir='ltr'>a.</span> <span class='ocrx_word' id='word_1_472' title='bbox 1070 2688 1268 2722; x_wconf 81' lang='lat' dir='ltr'>besonders</span> <span class='ocrx_word' id='word_1_473' title='bbox 1296 2687 1351 2722; x_wconf 87' lang='lat' dir='ltr'>oft</span> <span class='ocrx_word' id='word_1_474' title='bbox 1385 2698 1458 2720; x_wconf 75' lang='lat' dir='ltr'>non</span> <span class='ocrx_word' id='word_1_475' title='bbox 1484 2687 1690 2730; x_wconf 75' lang='lat' dir='ltr'>immerito).</span> 
     </span>
    </p>

    <p class='ocr_par' dir='ltr' id='par_1_15' title="bbox 940 2733 1691 2919">
     <span class='ocr_line' id='line_1_72' title="bbox 987 2733 1691 2779; baseline -0.003 -10"><span class='ocrx_word' id='word_1_476' title='bbox 987 2735 1277 2779; x_wconf 72' lang='lat' dir='ltr'>intercesserunt]</span> <span class='ocrx_word' id='word_1_477' title='bbox 1300 2733 1576 2779; x_wconf 71' lang='lat' dir='ltr'>gewohnlicher</span> <span class='ocrx_word' id='word_1_478' title='bbox 1591 2736 1691 2767; x_wconf 64' lang='lat' dir='ltr'>ware</span> 
     </span>
     <span class='ocr_line' id='line_1_73' title="bbox 940 2780 1691 2822; baseline -0.004 -5"><span class='ocrx_word' id='word_1_479' title='bbox 940 2784 1232 2822; x_wconf 59' lang='lat' dir='ltr'>inte1·ce.s».s·er‹mt,·</span> <span class='ocrx_word' id='word_1_480' title='bbox 1259 2782 1354 2815; x_wconf 84' lang='lat' dir='ltr'>doch</span> <span class='ocrx_word' id='word_1_481' title='bbox 1382 2782 1471 2815; x_wconf 64' lang='lat' dir='ltr'>lasst</span> <span class='ocrx_word' id='word_1_482' title='bbox 1487 2781 1524 2814; x_wconf 88' lang='lat' dir='ltr'>L.</span> <span class='ocrx_word' id='word_1_483' title='bbox 1541 2780 1691 2814; x_wconf 80' lang='lat' dir='ltr'>biswei-</span> 
     </span>
     <span class='ocr_line' id='line_1_74' title="bbox 942 2826 1691 2873; baseline -0.001 -10"><span class='ocrx_word' id='word_1_484' title='bbox 942 2830 999 2864; x_wconf 88' lang='lat' dir='ltr'>len</span> <span class='ocrx_word' id='word_1_485' title='bbox 1022 2830 1105 2863; x_wconf 86' lang='lat' dir='ltr'>dem</span> <span class='ocrx_word' id='word_1_486' title='bbox 1126 2828 1354 2873; x_wconf 82' lang='lat' dir='ltr'>temporalen</span> <span class='ocrx_word' id='word_1_487' title='bbox 1377 2839 1455 2862; x_wconf 69' lang='lat' dir='ltr'>cum</span> <span class='ocrx_word' id='word_1_488' title='bbox 1476 2828 1570 2861; x_wconf 81' lang='lat' dir='ltr'>auch</span> <span class='ocrx_word' id='word_1_489' title='bbox 1592 2826 1691 2862; x_wconf 76' lang='lat' dir='ltr'>Peri.</span> 
     </span>
     <span class='ocr_line' id='line_1_75' title="bbox 941 2875 1566 2919; baseline -0.003 -9"><span class='ocrx_word' id='word_1_490' title='bbox 941 2877 1014 2910; x_wconf 87' lang='lat' dir='ltr'>und</span> <span class='ocrx_word' id='word_1_491' title='bbox 1042 2877 1164 2911; x_wconf 77' lang='lat' dir='ltr'>Pracs.</span> <span class='ocrx_word' id='word_1_492' title='bbox 1192 2876 1276 2910; x_wconf 81' lang='lat' dir='ltr'>hist.</span> <span class='ocrx_word' id='word_1_493' title='bbox 1304 2875 1566 2919; x_wconf 80' lang='lat' dir='ltr'>voraufgehen.</span> 
     </span>
    </p>
   </div>
   <div class='ocr_carea' id='block_1_10' title="bbox 1386 2938 1407 2968">
    <p class='ocr_par' dir='ltr' id='par_1_16' title="bbox 1386 2938 1407 2968">
     <span class='ocr_line' id='line_1_76' title="bbox 1386 2938 1407 2968; baseline 0 0"><span class='ocrx_word' id='word_1_494' title='bbox 1386 2938 1407 2968; x_wconf 81' lang='lat'>4</span> 
     </span>
    </p>
   </div>
  </div>
 </body>
</html>
