1882 3163
661 89 806 125 LIBER
830 89 944 126 XXII.
989 89 1093 126 CAP.
1120 93 1175 125 55.
1203 93 1258 125 56.
1679 91 1734 132 83

173 106 198 126 a.
219 99 270 126 ch.
291 100 352 126 216.

171 200 265 240 tum
299 198 346 248 Q.
377 197 538 240 Fabius
569 197 784 239 Maximus
817 197 984 239 censuit
1015 198 1178 252 equites
1209 197 1430 252 expeditos
1457 200 1499 239 et
1522 197 1668 253 Appia
1694 201 1736 240 et
1761 209 1783 239 4

170 256 330 299 Latina
361 258 432 299 via
462 256 712 310 mittendos,
747 255 819 310 qui
853 255 1003 298 obvios
1029 256 1344 310 percunctando
1367 281 1423 286 ——
1446 257 1611 311 aliquos
1637 272 1734 312 pro-

170 315 284 358 fecto
317 330 368 357 ex
399 316 504 370 fuga
533 315 696 370 passim
729 314 960 368 dissipatos
992 314 1084 356 fore
1113 339 1164 344 -—
1194 315 1394 369 r,eferant
1428 330 1536 370 quae
1561 316 1735 358 fortuna

171 375 395 417 consulum
427 378 554 429 atque
587 373 849 415 exercituum
882 373 954 427 sit,
987 375 1047 427 et,
1081 374 1116 414 si
1147 374 1248 428 quid
1276 374 1334 415 dii
1359 374 1625 430 inmortales,
1656 375 1733 417 mi-

170 433 291 475 seriti
322 433 495 488 imperi,
526 432 704 474 relicum
726 431 913 473 Romani
938 432 1126 473 nominis
1152 432 1352 487 fecerint,
1385 433 1458 474 ubi
1485 448 1558 475 eae
1586 435 1733 489 copiae
1760 444 1781 475 5

169 493 274 549 sint3
306 506 389 547 quo
412 507 454 533 se
475 491 696 533 Hannibal
716 494 816 545 post
840 490 1053 544 proelium
1081 492 1324 545 contulerit,
1350 491 1452 545 quid
1471 495 1606 546 paret,
1632 493 1733 547 quid

169 554 273 607 agat
298 553 554 605 acturusque
582 550 649 592 sit,
693 550 798 591 haec
820 549 1084 604 exploranda
1110 550 1410 604 noscendaque
1434 565 1512 605 per
1536 552 1734 608 inpigros
1760 562 1780 593 6

167 610 341 652 iuvenes
368 622 479 651 esse:
516 609 624 651 illud
656 624 732 663 per
762 611 908 663 patres
942 609 1061 662 ipsos
1095 609 1328 663 agendum,
1361 610 1565 663 quoniam
1599 611 1733 665 magi-

166 671 379 710 stratuum
417 682 571 722 parum
610 668 682 721 sit,
727 671 774 710 ut
816 667 1050 709 tumultum
1085 681 1133 709 ac
1171 668 1503 722 trepidationem
1542 669 1588 710 in
1627 670 1732 712 urbe

167 727 337 782 tollant,
357 729 579 768 matronas
599 726 774 781 publico
798 728 972 768 arceant
992 727 1288 781 continerique
1310 727 1425 768 intra
1446 742 1571 769 suum
1587 743 1733 784 quam-

164 800 246 841 que
271 786 404 827 limen
431 788 607 841 cogant,
640 786 916 840 conploratus
948 785 1212 827 familiarum
1239 789 1481 840 coerceant,
1514 787 1732 830 silentium
1760 799 1779 829 7

164 860 242 899 per
274 845 425 886 urbem
456 845 630 899 faciant,
661 845 837 887 nuntios
870 859 1013 886 rerum
1046 845 1237 886 omnium
1270 845 1323 887 ad
1347 848 1568 900 praetores
1605 846 1733 887 dedu-

163 904 318 946 cendos
346 907 513 959 curent,
546 918 647 946 suae
674 905 852 959 quisque
878 904 1079 945 fortunae
1105 904 1220 945 domi
1253 906 1470 946 auctorem
1497 909 1732 960 expectent,

162 963 447 1018 custodesque
479 966 701 1018 praeterea
733 963 785 1005 ad
812 965 960 1018 portas
985 966 1170 1017 ponant,
1197 963 1270 1018 qui
1295 963 1558 1018 prohibeant
1585 978 1728 1019 quem·
1757 974 1777 1005 8

164 1037 292 1077 quam
332 1022 475 1078 egredi
516 1023 638 1076 urbe,
684 1025 927 1078 cogantque
965 1022 1161 1064 homines
1202 1023 1368 1064 nullam
1407 1022 1491 1064 nisi
1530 1023 1635 1064 urbe
1683 1038 1732 1066 ac

162 1082 389 1123 moenibus
412 1082 542 1123 salvis
570 1082 755 1123 salutem
776 1095 958 1136 sperare.
1008 1081 1082 1122 ubi
1109 1082 1364 1123 conticuerit
1393 1083 1544 1134 [recte]
1573 1084 1731 1124 tumul-

161 1142 250 1192 tus,
285 1143 378 1181 tum
403 1141 450 1181 in
476 1141 638 1182 curiam
657 1143 802 1195 patres
826 1140 1089 1182 revocandos
1116 1140 1511 1194 consulendumque
1539 1141 1589 1182 de
1611 1141 1730 1184 urbis

164 1198 360 1241 custodia
392 1213 498 1241 esse.

281 1255 390 1299 Cum
422 1258 468 1298 in
505 1257 615 1299 hanc
655 1258 915 1300 sententiam
952 1257 1133 1312 pedibus
1174 1272 1321 1299 omnes
1360 1258 1510 1312 issent,
1558 1259 1730 1300 submo-

159 1318 289 1371 taque
321 1316 416 1358 foro
440 1330 519 1370 per
556 1317 835 1372 magistratus
875 1316 1003 1358 turba
1042 1319 1189 1370 patres
1229 1316 1386 1358 diversi
1426 1316 1479 1358 ad
1519 1317 1730 1360 sedandos

159 1375 370 1417 tumultus
403 1375 720 1429 discessissent,
751 1378 844 1416 tum
878 1375 1049 1416 demum
1080 1375 1252 1416 litterae
1286 1390 1311 1416 a
1337 1374 1381 1417 O.
1403 1375 1603 1418 Terentio
1631 1390 1730 1419 con-

160 1434 250 1476 sule
277 1434 444 1476 adlatae
472 1436 586 1476 sunt:
620 1434 665 1476 L.
687 1434 920 1475 Aemilium
946 1434 1168 1475 consulem
1196 1434 1511 1489 exercitumque
1539 1449 1727 1491 caesum3
1756 1447 1775 1477 2

163 1507 254 1535 sese
293 1491 468 1535 Canusii
513 1508 605 1535 esse
643 1493 846 1547 reliquias
886 1495 1031 1534 tantae
1064 1492 1197 1534 cladis
1245 1493 1362 1534 velut
1407 1507 1456 1534 ex
1500 1494 1729 1550 naufragio

1753 1262 1802 1298 56

206 1590 238 1621 4.
260 1590 292 1621 5.
319 1587 513 1631 expeditos,
540 1586 613 1631 vgl.
639 1589 658 1628 ξ
681 1589 700 1620 6
727 1585 904 1631 inpigros.

158 1653 202 1660 —-
229 1634 358 1678 Appia
382 1634 445 1668 via
465 1645 494 1668 0.
518 1637 548 1675 1,
572 1637 626 1677 12,
647 1632 717 1668 wie
737 1633 775 1667 in
792 1633 906 1668 Prosa

156 1680 289 1716 immer
309 1691 416 1716 sacra
433 1681 495 1716 via
514 1685 546 1724 2,
569 1685 624 1724 13,
647 1685 701 1723 11,
723 1691 905 1726 wogegen

156 1727 372 1772 viersilbige
419 1728 620 1772 Adjektive
668 1728 904 1772 gewohnlich

157 1774 408 1820 nachgestellt
432 1775 600 1819 werden,
632 1775 694 1809 via
719 1775 904 1810 fornicata

157 1832 186 1856 0.
209 1826 265 1865 36,
286 1825 319 1864 8,
346 1822 407 1857 via
431 1821 619 1857 Flaminia
639 1833 668 1856 c.
693 1826 747 1865 11,
769 1826 806 1865 5,
828 1823 902 1857 No-

157 1871 333 1904 mentana
359 1873 392 1913 3,
419 1872 475 1912 52,
502 1872 533 1903 3.
562 1889 606 1894 —
639 1869 776 1911 obvios,
802 1881 846 1903 zu
873 1880 903 1904 c.

156 1919 189 1958 7,
217 1919 272 1950 11.
305 1936 351 1941 —
385 1916 553 1958 miseriti,
582 1919 647 1959 27,
680 1919 742 1959 33,
777 1919 831 1950 11.
860 1937 903 1941 —

154 1963 346 2007 proelium,
366 1973 439 1998 von
452 1961 668 1998 unsicherer
684 1962 900 2007 Ableitung,

157 2021 254 2045 zwar
285 2009 523 2055 gewohnlich
549 2021 622 2044 von
647 2010 901 2045 unbedeuten-

156 2057 270 2093 deren
296 2056 460 2101 Treffen,
488 2057 604 2092 daher
630 2057 738 2100 levia,
765 2057 901 2092 tumul-

153 2104 276 2140 tuaria
294 2115 346 2148 pr.
369 2116 404 2139 u.
426 2107 457 2139 a.
480 2107 536 2148 29,
557 2108 614 2148 36,
634 2108 667 2146 4,
689 2104 785 2139 doch
805 2104 901 2139 auch

153 2163 206 2196 pr.
229 2151 421 2187 Cannense
448 2151 508 2186 bei
536 2151 686 2195 Seneca,
713 2161 788 2186 exe.
817 2162 901 2186 con-

151 2200 245 2234 trov.
273 2202 305 2243 5,
334 2203 365 2235 7.
393 2198 536 2234 Gellius
563 2202 595 2241 6,
624 2202 678 2243 18,
699 2202 719 2233 2
746 2211 780 2234 u.
802 2210 833 2234 a.
857 2219 900 2224 —

152 2249 274 2290 paret,
300 2250 399 2291 ayat,
425 2258 469 2280 zu
496 2249 552 2290 21,
580 2249 611 2289 7,
641 2249 671 2280 1.

202 2297 305 2329 6-8.
348 2293 443 2329 illud
474 2292 566 2327 wird
598 2292 714 2327 durch
752 2294 793 2327 ut
819 2321 827 2329 .
858 2322 864 2328 .
893 2320 899 2327 .

151 2343 295 2385 ponant
319 2339 358 2374 in
391 2340 490 2375 seine
517 2339 621 2375 Teile
647 2339 806 2384 zerlegt;
840 2340 900 2375 die

153 2387 264 2422 Stadt
298 2387 392 2422 wird
424 2387 462 2421 in
487 2387 899 2432 Belagerungszustand

153 2434 303 2469 erklart.
345 2454 387 2459 --
424 2435 617 2469 tumultum
643 2445 686 2469 ac
719 2437 807 2478 trep.
842 2438 899 2478 21,

152 2485 209 2524 33,
236 2484 256 2516 8
283 2481 358 2516 und
385 2481 456 2524 oft,
491 2480 559 2515 wie
585 2481 680 2515 auch
712 2482 830 2515 terror
857 2492 899 2516 ac

151 2530 242 2563 tum.
274 2539 387 2573 gerne
422 2527 635 2563 verbunden
667 2528 826 2562 werden.
856 2549 897 2552 ——

151 2579 353 2611 coerceant:
391 2575 489 2609 Plut.
522 2574 610 2610 Fab.
652 2577 693 2608 18
733 2573 900 2615 πένθους

151 2623 194 2658 δὲ
239 2622 304 2657 καὶ
346 2619 463 2656 τόπον
507 2621 571 2656 καὶ
609 2619 744 2665 χρόνον
789 2617 896 2665 ω’ρισε

151 2666 237 2704 κατ’
285 2668 408 2704 οἰκίαν
446 2666 683 2723 ἀποθρηνεῖν
719 2666 898 2708 κελεύσας

154 2713 218 2760 ἔφ’
253 2714 411 2761 ἡμέραις
443 2713 645 2761 τριάκοντα
671 2712 737 2749 τὸν
770 2712 897 2760 βουλό-

153 2775 277 2806 μενον.
313 2783 355 2788 -
390 2766 589 2808 expectent,
628 2762 698 2797 mit
724 2762 898 2797 Wechsel

153 2808 216 2844 des
236 2809 433 2856 Subjektes
461 2811 570 2845 statt·
599 2811 639 2844 ut
666 2819 751 2844 suae
771 2821 897 2853 quem-

154 2866 225 2899 que
250 2856 274 2892 f.
302 2857 336 2892 d.
364 2868 396 2892 a.
425 2859 618 2902 expectare
644 2855 824 2892 iuberent.

978 1585 1084 1620 urbe:
1122 1585 1193 1620 mit
1217 1585 1348 1620 Aecus.
1382 1585 1474 1620 wird
1510 1585 1639 1630 egredi
1667 1586 1729 1621 bei

977 1632 1196 1667 Klassikern
1227 1644 1298 1667 nur
1337 1632 1583 1676 konstruiert,
1620 1643 1729 1668 wenn

977 1690 1015 1715 es
1059 1679 1238 1715 bedeutet
1294 1680 1391 1715 ‘eine
1436 1680 1576 1716 Grenze
1621 1680 1729 1716 fiber-

977 1726 1202 1771 schreiten',
1241 1726 1310 1762 wie
1349 1727 1485 1762 fiumen
1519 1727 1608 1762 Sall.
1640 1727 1727 1773 Jug.

978 1778 1056 1816 110,
1084 1778 1116 1817 8,
1143 1774 1235 1808 fines
1263 1773 1365 1809 Caes.
1386 1775 1420 1810 b.
1450 1774 1491 1809 G.
1521 1779 1558 1818 1,
1579 1778 1625 1809 44
1651 1775 1729 1809 und

976 1820 1133 1856 bildlich
1160 1821 1288 1866 egredi
1314 1821 1483 1865 modum,
1515 1821 1725 1857 veritatem.

977 1888 1020 1893 —
1041 1869 1194 1911 nullam,
1222 1868 1301 1903 also
1322 1868 1426 1903 nicht
1445 1868 1483 1901 in
1503 1868 1568 1903 der
1579 1868 1726 1913 Flucht,

976 1925 1004 1948 c.
1033 1918 1089 1957 53,
1117 1919 1150 1957 5,
1176 1914 1247 1949 wie
1273 1915 1369 1950 nach
1396 1915 1460 1950 der
1481 1914 1659 1951 Schlacht
1678 1927 1726 1951 an

976 1961 1041 1996 der
1067 1961 1162 1996 Alia.

1022 2055 1088 2099 56,
1118 2059 1219 2091 1—3.
1252 2056 1409 2100 pedibus
1440 2057 1464 2092 i.
1498 2057 1595 2091 auch
1630 2056 1723 2092 bloss

974 2103 1012 2137 in
1049 2103 1273 2138 sententiam
1306 2103 1383 2138 ales
1416 2103 1470 2138 ire
1497 2106 1559 2147 23,
1596 2107 1657 2148 10,
1691 2108 1725 2147 4,

975 2150 1043 2185 der
1062 2148 1259 2185 Ausdruck
1279 2150 1375 2185 nach
1396 2150 1461 2184 der
1487 2150 1582 2185 Sitte
1608 2151 1726 2185 durch

974 2196 1187 2232 Discession
1214 2196 1494 2242 abzustimmen,
1520 2197 1627 2232 nicht
1648 2210 1730 2242 χει·

975 2257 1136 2291 ροτονιςι.
1158 2265 1203 2270 -
1229 2244 1411 2287 submota,
1447 2256 1475 2279 c.
1511 2248 1572 2288 60,
1600 2248 1638 2289 2,
1667 2256 1723 2280 so-

973 2291 1073 2327 wohl
1099 2281 1323 2326 militar-isch
1353 2291 1630 2336 verdr'angen',
1666 2295 1722 2334 21,

974 2342 1006 2383 7,
1019 2343 1051 2382 8,
1067 2339 1122 2374 als
1139 2339 1234 2373 auch
1249 2339 1314 2373 der
1326 2338 1721 2382 Geschaftsausdruck,

973 2397 1080 2421 wenn
1125 2386 1184 2420 die
1229 2385 1403 2421 Lictoien
1448 2385 1519 2419 den
1561 2367 1722 2420 Consuhi

972 2433 1078 2468 Platz
1104 2433 1273 2475 macheu,
1300 2432 1390 2467 oder
1410 2432 1469 2467 bei
1489 2431 1720 2476 geschlosse-

973 2491 1044 2515 nen
1071 2479 1273 2523 Sitzungen
1302 2478 1535 2513 Unberufene
1557 2478 1723 2514 entfernt

972 2527 1132 2568 werden,
1155 2530 1211 2569 45,
1234 2530 1266 2570 7,
1296 2530 1317 2559 4
1345 2536 1367 2559 a
1394 2525 1543 2560 consule
1570 2525 1722 2560 lictores

971 2573 1076 2608 missi
1108 2575 1211 2616 sunt,
1247 2573 1310 2616 qui
1344 2573 1528 2607 summoto
1564 2572 1635 2607 iter
1673 2573 1720 2607 ad

972 2619 1198 2665 praetorium
1226 2619 1402 2661 facerent,
1430 2622 1485 2662 28,
1512 2622 1569 2661 27,
1598 2622 1652 2654 15.
1675 2639 1718 2644 —-

972 2678 1031 2702 ma
1032 2668 1225 2711 Jistratus
1263 2665 1427 2700 namlich
1453 2665 1630 2708 minores3
1664 2667 1718 2701 di-

970 2715 1082 2755 versi,
1121 2713 1217 2747 nach
1256 2713 1356 2747 allen
1389 2712 1525 2748 Seiten.
1561 2733 1604 2737 —-
1643 2716 1719 2748 tum

970 2761 1110 2795 demum
1131 2759 1223 2794 wird
1249 2759 1365 2794 durch
1385 2759 1456 2794 Dio
1478 2759 1623 2795 Cassius
1647 2760 1716 2816 frg.

972 2811 1027 2851 57,
1049 2811 1091 2842 29
1124 2806 1280 2841 erkl'art:
1311 2803 1347 2846 ἐς
1372 2804 1440 2849 τὴν
1459 2803 1604 2863 Ρωμην
1631 2802 1713 2841 οὔτ’

973 2852 1114 2899 ἔγραψε
1158 2854 1386 2898 παραχρῆμα
1431 2851 1511 2888 οὔτ’
1559 2852 1717 2899 ἄγγελον

1383 2912 1431 2947 6*
