1882 3163
165 131 220 172 38
623 133 769 167 LIBER
795 133 925 169 XXIII.
977 134 1079 169 CAP.
1110 140 1162 171 18.
1192 140 1244 171 19.
1569 153 1595 171 a.
1614 154 1643 172 u.
1664 147 1726 173 538.

158 239 286 281 modo
319 239 546 281 victoriam
577 240 711 282 videri
743 241 897 296 potuit,
930 242 1000 284 hic
1027 258 1144 285 error
1169 245 1281 286 vires
1310 243 1521 285 ademisse
1549 244 1602 286 ad
1627 246 1718 287 vin-

103 312 147 343 14
162 299 354 340 cendum.
403 299 548 353 itaque
579 299 770 354 hercule,
814 301 933 342 velut
970 302 1006 343 si
1044 317 1140 344 cum
1179 303 1261 343 alio
1301 303 1489 343 exercitu
1522 317 1546 344 a
1579 301 1725 359 Capua

101 371 144 402 15
161 358 311 410 exiret,
354 357 463 398 nihil
501 372 683 412 usquam
720 360 928 414 pristinae
966 361 1217 416 disciplinae
1249 361 1400 402 tenuit.
1450 376 1552 402 nam
1585 365 1627 404 et
1659 377 1721 404 re-

159 417 328 458 dierunt
358 417 550 472 plerique
584 419 736 459 scortis
769 419 970 473 inpliciti,
1010 422 1071 475 et,
1103 421 1175 461 ubi
1207 421 1393 474 primum
1427 421 1505 461 sub
1538 421 1724 475 pellibus

158 475 309 516 haberi
359 477 499 530 coepti
544 479 643 517 sunt
686 477 838 532 viaque
881 481 922 519 et
973 479 1080 520 alius
1131 480 1332 520 militaris
1377 479 1500 520 labor
1544 480 1725 535 excepit,

103 546 143 576 16
159 534 347 576 tironum
380 535 507 576 modo
540 536 790 590 corporibus
824 537 1062 592 animisque
1096 538 1368 592 deficiebant,
1404 540 1446 578 et
1471 538 1622 580 deinde
1647 554 1724 593 per

159 608 284 635 omne
324 594 583 636 aestivorum
623 598 793 650 tempus
838 610 998 652 magna
1042 612 1141 651 pars
1189 598 1278 638 sine
1324 597 1635 639 commeatibus
1669 598 1722 639 ab

159 653 295 707 signis
330 653 649 707 dilabebantur,
687 669 825 709 neque
865 656 973 697 aliae
1014 656 1206 697 latebrae
1241 671 1369 710 quam
1402 654 1551 710 Capua
1583 656 1722 698 deser-

155 712 322 753 toribus
355 715 488 753 erant.

88 771 139 812 19
275 770 476 812 Ceterum
508 772 759 814 mitescente
791 774 875 814 iam
909 773 1049 814 hieme
1082 773 1235 814 educto
1268 787 1317 813 ex
1356 773 1548 814 hibernis
1582 775 1720 816 milite

114 841 133 871 2
155 828 391 871 Casilinum
410 830 532 884 redit,
558 831 631 872 ubi
652 846 913 885 quamquam
940 832 993 872 ab
1021 831 1345 886 oppugnatione
1372 835 1586 873 cessatum
1614 836 1719 888 erat,

155 889 321 930 obsidio
354 892 499 930 tamen
537 890 742 931 continua
780 890 1018 944 oppidanos
1056 890 1402 945 praesidiumque
1435 891 1488 932 ad
1519 892 1720 933 ultimum

115 948 327 1003 3inopiae
367 948 612 990 adduxerat.
663 949 816 990 castris
854 949 1061 990 Romanis
1102 949 1163 991 Ti.
1197 948 1473 1003 Sempronius
1514 953 1724 1006 praeerat,

156 1007 363 1049 dictatore
411 1008 698 1061 auspiciorum
741 1009 1073 1062 repetendorum
1119 1022 1246 1049 causa
1287 1008 1478 1062 profecto
1525 1008 1722 1051 Romam.

112 1078 134 1108 4
154 1065 406 1107 Marcellum
441 1068 483 1106 et
514 1066 656 1120 ipsum
690 1068 930 1120 cupientem
961 1067 1073 1108 ferre
1100 1067 1306 1108 auxilium
1335 1068 1523 1109 obsessis
1551 1071 1596 1109 et
1619 1068 1722 1110 Vol-

152 1127 304 1166 turnus
332 1125 470 1166 amnis
497 1125 673 1166 inflatus
702 1126 824 1180 aquis
853 1129 894 1167 et
920 1140 1066 1180 preces
1096 1125 1363 1167 Nolanorum
1391 1129 1519 1181 atque
1546 1127 1724 1169 Acerra-

151 1197 305 1225 norum
331 1184 551 1238 tenebant,
578 1182 820 1239 Campanos
847 1185 1106 1239 timentium,
1133 1186 1168 1226 si
1195 1185 1456 1238 praesidium
1477 1185 1723 1227 Romanum

117 1256 136 1285 5
160 1243 453 1285 abscessisset.
504 1242 722 1285 Gracchus
750 1244 947 1285 adsidens
974 1246 1146 1285 tantum
1174 1242 1374 1295 Casilino,
1408 1244 1509 1299 quia
1534 1245 1723 1298 praedic-

156 1304 249 1342 tum
289 1305 380 1343 erat
418 1302 661 1357 dictatoris,
693 1317 746 1344 ne
780 1304 882 1358 quid
916 1304 1094 1345 absente
1121 1318 1170 1345 eo
1197 1304 1259 1344 rei
1286 1306 1464 1358 gereret,
1494 1304 1604 1344 nihil
1631 1318 1721 1345 mo-

154 1361 301 1415 vebat,
347 1376 623 1416 quamquam,
668 1377 774 1416 quae
819 1363 943 1403 facile
989 1377 1157 1404 omnem
1196 1362 1448 1416 patientiam
1488 1363 1722 1417 vincerent,

111 1433 130 1464 6
153 1421 465 1461 nuntiabantur
498 1436 521 1461 a
555 1420 763 1475 Casilino,
795 1436 896 1462 nam
923 1424 965 1462 et
991 1421 1299 1475 praecipitasse
1328 1436 1371 1462 se
1399 1421 1607 1475 quosdam
1633 1436 1722 1463 non

969 1549 1043 1571 von
1064 1536 1267 1571 Casilinum
1288 1547 1409 1581 gegen
1433 1537 1577 1572 Caiatia
1592 1550 1645 1572 zu.
1674 1558 1718 1562 —

972 1583 1028 1618 Ti.
1056 1583 1210 1629 Sempr]
1252 1583 1316 1618 der
1354 1585 1526 1628 mayister
1557 1587 1721 1629 equitum

971 1631 1034 1665 des
1062 1631 1255 1665 Diktators
1284 1632 1355 1674 (22,
1372 1635 1427 1673 57,
1443 1633 1490 1674 9).

1017 1679 1154 1722 auspic.
1182 1681 1288 1721 repet.
1317 1678 1362 1722 c.]
1402 1678 1470 1712 Die
1504 1677 1719 1712 romischen

969 1723 1172 1759 Feldherrn
1205 1724 1364 1759 kehrten
1390 1724 1461 1767 oft,
1496 1736 1602 1759 wenn
1635 1724 1716 1760 ihre

199 1536 315 1581 error]
349 1536 376 1570 F
381 1536 483 1570 ehler
515 1547 580 1570 aus
613 1536 764 1580 Iri-tum,
798 1536 898 1571 Mifs-
932 1555 934 1557 v

152 1582 247 1628 griff.
281 1583 458 1617 Derselbe
474 1583 660 1618 erscheint
669 1584 723 1618 als
736 1584 897 1628 weniger

151 1629 404 1673 verderblich,
449 1641 556 1664 wenn
597 1641 684 1665 man
722 1630 896 1673 bedenkt,

152 1677 233 1711 dass
255 1677 374 1711 Hann.
402 1677 510 1712 einen
535 1678 794 1712 bedeutenden
815 1678 897 1712 Teil

152 1724 273 1759 seiner
298 1725 400 1759 alten
425 1725 463 1758 in
490 1724 652 1769 Spauien
678 1724 896 1769 geschulten

153 1772 330 1816 Truppen
370 1771 408 1805 in
447 1771 518 1806 den
557 1771 783 1806 Schlachten
817 1783 896 1806 ver-

150 1819 256 1854 loren
280 1819 385 1853 hatte
412 1819 501 1864 (vgl.
522 1831 550 1854 Z.
571 1819 610 1853 B.
633 1823 690 1861 22,
717 1823 773 1862 52,
800 1820 835 1862 6)
862 1832 895 1853 u.

151 1877 199 1901 an
225 1866 296 1901 den
321 1877 393 1901 neu
419 1866 781 1901 hinzukommenden
808 1866 896 1900 Ver-

152 1913 384 1957 starkungen
397 1924 465 1947 nur
479 1913 587 1948 einen
600 1913 897 1958 ungenfigenden

152 1959 283 1995 Ersatz
309 1961 425 1995 hatte.

201 2012 255 2042 14.
282 2008 451 2053 usquam]
480 2007 518 2041 in
543 2007 676 2052 irgend
701 2008 803 2042 einer
825 2008 891 2041 Be-

151 2055 320 2099 ziehung.
358 2075 401 2079 -—
440 2055 572 2099 teowit]
618 2055 752 2089 erhielt
799 2055 895 2097 sich,

151 2102 226 2146 vgl.
254 2114 296 2135 zu
322 2100 415 2145 Kap.
446 2105 499 2144 12,
527 2105 558 2136 2.

202 2153 255 2182 15.
282 2149 483 2193 redierunt]
505 2148 561 2182 ins
582 2148 702 2192 Lagei·
721 2148 782 2182 bei
796 2148 894 2182 Casi-

152 2195 280 2230 linum.
296 2215 339 2219 —
351 2194 529 2240 inpliciti]
544 2195 841 2230 unzertrennbar.
851 2215 894 2219 —

151 2242 228 2287 via]
257 2259 300 2270 =
327 2243 405 2284 iter,
433 2242 497 2276 der
522 2241 681 2285 Marsch,
708 2242 774 2276 das
798 2241 894 2276 Mar-

152 2289 330 2324 schieren.
366 2309 409 2312 —
448 2289 600 2334 excepit]
629 2289 776 2330 eintrat,
814 2289 893 2322 hin-

153 2337 297 2370 zukam.
326 2356 369 2360 —
397 2336 622 2379 deficiebant]
653 2337 892 2378 ermatteten,

154 2387 210 2425 21,
238 2387 294 2427 54,
323 2387 354 2418 9.

203 2435 256 2465 16.
297 2430 531 2475 aestivorum]
571 2429 647 2464 scil.
685 2433 895 2472 castrorum,

153 2477 441 2521 Sommeflager,
489 2476 598 2521 Gegs.
642 2477 791 2511 hiberna
851 2497 894 2501 —

153 2524 292 2570 comm]
319 2523 471 2558 Urlaub.

199 2572 260 2606 19.
315 2577 344 2606 1.
389 2571 537 2617 mitesc]
564 2571 774 2615 poetischer
806 2571 896 2605 Aus-

153 2618 278 2652 druck.

199 2670 232 2700 2.
259 2667 307 2700 ad
333 2666 415 2710 ult]
437 2665 512 2700 Das
528 2665 748 2699 substantiv.
765 2664 893 2699 Neutr.

154 2712 217 2746 des
237 2712 319 2757 Adj.
335 2711 405 2746 mit
421 2713 504 2746 dem
520 2711 610 2746 Gen.
624 2712 688 2746 des
703 2711 893 2746 Substant.

155 2759 204 2793 ist
223 2759 284 2793 bei
304 2758 382 2794 Liv.
398 2760 483 2793 sehr
495 2759 781 2803 gebrauohlioh:
801 2759 893 2804 Kap.

157 2809 211 2848 16,
240 2810 282 2840 10
309 2807 357 2840 ad
388 2807 540 2841 multum
576 2807 669 2848 cliei,·
705 2810 757 2850 17,
787 2810 828 2840 11
855 2806 895 2841 id

145 2853 347 2895 praesidit;
374 2857 392 2894 ξ
416 2857 468 2887 13.

201 2902 231 2932 3.
272 2901 400 2934 eastris
426 2900 489 2945 R]
529 2901 625 2934 nach
658 2903 676 2941 ξ
705 2905 724 2935 8
757 2900 893 2935 &stlich

969 1771 1325 1816 Unternehmungen
1338 1771 1444 1806 nicht
1452 1772 1719 1806 nacthnsch

970 1830 1043 1854 von
1071 1820 1211 1854 statten
1236 1819 1384 1864 gingen‚
1411 1821 1508 1853 nach
1531 1818 1627 1854 Rom
1654 1831 1715 1853 zu-

970 1866 1071 1909 riick,
1081 1878 1142 1900 um
1153 1866 1219 1900 aus
1225 1866 1308 1900 dem
1317 1865 1469 1910 Kapitol
1478 1877 1570 1900 neue
1580 1865 1717 1910 Auspi-

970 1913 1051 1947 cien
1078 1926 1122 1947 zu
1149 1913 1259 1947 holen
1285 1916 1332 1956 (8,
1349 1917 1404 1956 30,
1420 1917 1451 1947 2.
1473 1913 1566 1957 Kap.
1584 1916 1718 1957 36,10;

970 1959 1188 2003 Mommsen,
1217 1959 1461 2003 Staatsrecht,
1487 1960 1502 1994 Ι
1522 1961 1593 2003 25).

1017 2012 1048 2042 4.
1088 2011 1121 2042 et
1156 2007 1294 2052 ipsum]
1335 2007 1606 2051 ,‚gleichfalls“,
1646 2006 1717 2042 wie

969 2054 1035 2088 das
1062 2055 1159 2088 Heer
1185 2055 1249 2088 des
1275 2054 1480 2088 Diktators.
1525 2074 1568 2079 -
1604 2055 1715 2088 Acer-

968 2101 1068 2147 φατι]
1109 2101 1215 2135 Viele
1260 2101 1454 2135 derselben
1498 2112 1622 2135 waren
1660 2101 1714 2134 in-

968 2148 1151 2182 zwischen
1187 2149 1295 2181 unter
1330 2148 1414 2181 dem
1453 2146 1608 2182 Schutze
1649 2147 1714 2182 des

967 2195 1166 2229 Marcellus
1192 2194 1230 2228 in
1258 2195 1329 2228 den
1356 2205 1441 2228 vom
1468 2194 1613 2229 Brande
1633 2204 1714 2228 ver-

968 2242 1100 2276 schont
1119 2241 1365 2286 gebliebenen
1381 2239 1462 2274 Teil
1481 2240 1582 2275 ihrer
1602 2240 1715 2275 Stadt

967 2288 1264 2332 zurtickgekehrt
1290 2287 1379 2332 (vgl.
1405 2287 1497 2332 Kap.
1517 2291 1571 2330 17,
1594 2289 1641 2331 7).
1669 2308 1713 2313 —-

968 2335 1150 2380 tenebant]
1194 2352 1237 2362 =
1268 2335 1482 2370 retinebant.
1522 2355 1566 2359 -—
1607 2334 1714 2369 Gam—

962 2393 1083 2426 panos
1109 2383 1197 2424 tim„
1224 2382 1273 2427 st]
1301 2382 1432 2415 kurzer
1452 2381 1647 2416 Ausdruck
1667 2383 1710 2416 st.

968 2430 1188 2471 timentium,
1227 2440 1271 2463 ne
1308 2440 1331 2462 a
1365 2428 1563 2473 Campanis
1588 2429 1712 2473 oppri-

967 2480 1160 2519 merentur,
1185 2477 1219 2510 si
1246 2504 1252 2511 .
1276 2503 1282 2510 .
1306 2503 1313 2510 .

1016 2527 1048 2557 5.
1094 2522 1228 2568 adstet]
1276 2523 1346 2557 mit
1395 2523 1493 2567 Dat,
1535 2522 1712 2567 unthatig

968 2570 1091 2614 liegen
1123 2581 1190 2605 vor
1222 2590 1278 2613 —,
1305 2574 1361 2612 21,
1387 2573 1443 2613 25,
1465 2574 1497 2605 6.
1530 2589 1573 2594 ——
1599 2580 1711 2613 prae—

970 2617 1123 2663 dictum]
1146 2616 1428 2651 substantiviert
1447 2616 1515 2650 wie
1543 2617 1708 2651 edictum.

969 2684 1011 2688 —
1038 2665 1133 2699 nihil
1163 2663 1270 2709 mon]
1311 2663 1438 2697 riihrte
1476 2663 1555 2697 sich
1592 2662 1708 2706 nicht,

967 2712 1190 2746 unternahm
1210 2710 1331 2745 nichts
1348 2710 1438 2754 (vgl.
1454 2721 1496 2743 zu
1510 2708 1602 2753 Kap.
1615 2714 1646 2751 1,
1659 2710 1705 2753 1).

968 2779 1011 2783 --
1037 2758 1234 2802 vincerent]
1272 2756 1493 2792 Potentialis
1527 2756 1592 2790 der
1617 2756 1710 2790 Ver-

967 2805 1203 2850 gangenheit.

1016 2857 1046 2888 6.
1079 2852 1273 2896 praecipit.
1300 2851 1350 2896 se]
1380 2849 1637 2884 wahrscheinl.
1665 2851 1708 2885 de

966 2900 1092 2943 muris,
1118 2910 1181 2933 um
1206 2897 1316 2933 dabei
1341 2897 1627 2932 umzukommen
1649 2897 1708 2932 od.
