1882 3163
224 126 276 166 14
758 125 904 159 LIBER
930 125 1025 160 xxi.
1071 125 1172 161 CAP.
1201 131 1231 161 6.

216 232 313 273 nius
346 231 538 287 Longus3
581 233 654 287 qui
695 247 791 274 cum
830 233 986 289 legatis
1028 234 1072 275 in
1104 237 1301 276 senatum
1343 233 1602 275 introductis
1645 234 1696 275 de
1727 249 1774 275 re

217 291 390 345 publica
421 291 708 345 rettulissent,
739 292 1057 347 placuissetque
1090 293 1207 334 mitti
1237 294 1407 347 legatos
1440 294 1483 333 in
1516 292 1774 347 Hispaniam

175 358 196 386 4
218 349 271 390 ad
303 364 370 390 res
405 350 618 391 sociorum
650 350 955 406 inspiciendaS,
987 352 1142 406 quibus
1169 353 1206 393 si
1232 352 1449 394 videretur
1475 351 1606 405 digna
1632 366 1774 405 causa,

217 411 259 448 et
302 407 540 449 Hannibali
586 409 904 464 denuntiarent,
949 416 997 451 ut
1040 411 1093 452 ab
1139 409 1409 465 Saguntinis,
1454 411 1580 451 sociis
1624 411 1774 465 populi

216 466 418 522 Romani,
452 468 706 523 abstineret,
739 472 782 510 et
815 468 1120 524 Carthaginem
1158 469 1203 510 in
1234 469 1428 510 Africam
1461 470 1694 511 traicerent
1725 483 1773 510 ac

176 532 196 562 ὃ
219 527 430 568 sociorum
470 527 619 581 populi
652 527 832 569 Romani
867 528 1158 582 querimonias
1191 528 1423 582 deferrent,
1456 552 1510 558 ——-
1543 528 1623 569 hac
1654 528 1773 582 lega-

217 585 337 626 tione
372 586 541 627 decreta
570 587 752 628 necdum
783 587 935 642 missa,
976 587 1169 628 omnium
1210 602 1285 641 spe
1325 587 1502 628 celerius
1536 586 1775 642 Saguntum

215 645 456 699 oppugnari
485 644 677 687 adlatum
699 649 776 687 est.
826 649 929 687 tunc
954 647 1091 686 relata
1113 647 1162 686 de
1189 646 1359 699 integro
1385 661 1452 686 res
1481 646 1532 687 ad
1558 651 1775 699 senatum;

175 710 194 739 6
216 705 259 744 et
291 703 366 744 alii
398 704 641 757 provincias
674 705 919 746 consulibus
947 704 1205 758 Hispaniam
1244 707 1373 759 atque
1401 705 1593 745 Africam
1633 704 1773 746 decer-

212 766 364 803 nentes
397 766 511 803 terra
543 763 738 817 marique
770 778 860 804 rem
894 763 1125 818 gerendam
1160 763 1408 817 censebant,
1445 763 1519 804 alii
1555 766 1695 804 totum
1728 763 1772 804 in

173 828 191 858 7
214 820 471 875 Hispaniam
501 821 875 877 Hannibalemque
902 822 1176 863 intenderant
1202 822 1382 876 bellum3
1416 825 1554 875 erant,
1587 823 1660 876 qui
1686 836 1773 863 non

213 883 373 921 temere
400 881 654 922 movendam
681 896 770 922 rem
797 884 966 923 tantam
993 881 1362 935 expectandosque
1390 895 1440 922 ex
1468 881 1679 935 Hispania
1711 881 1769 922 le-

214 941 339 992 gatos
364 942 598 981 censerent.
641 940 745 981 haec
766 941 995 995 sententia,
1015 954 1123 993 quae
1143 940 1364 980 tutissima
1382 939 1622 994 videbatur,
1648 940 1772 994 vicit3

171 1007 191 1038 8
212 997 431 1052 legatique
465 1012 513 1039 eo
540 999 752 1040 maturius
779 1000 912 1053 missi,
944 997 989 1039 P.
1009 997 1210 1040 Valerius
1236 997 1417 1039 Flaccus
1445 1002 1488 1040 et
1514 998 1561 1047 Q.
1582 998 1772 1041 Baebius

211 1054 477 1111 Tamphilus,
505 1055 746 1110 Saguntum
773 1058 827 1099 ad
853 1057 1143 1098 Hannibalem
1171 1059 1300 1111 atque
1327 1056 1425 1098 inde
1454 1056 1772 1112 Carthaginem,

211 1115 247 1155 si
278 1130 365 1156 non
398 1116 679 1157 absisteretur
710 1117 842 1171 bello,
874 1116 927 1157 ad
959 1117 1108 1157 ducem
1143 1116 1284 1170 ipsum
1310 1116 1354 1156 in
1380 1130 1564 1169 poenam
1587 1116 1775 1158 foederis

210 1175 326 1228 rupti
360 1174 687 1228 deposcendum.

257 1290 299 1324 de
312 1300 349 1323 re
363 1301 401 1334 p.
413 1290 648 1336 rettulissent]
671 1289 731 1325 die
750 1290 952 1335 politische

211 1335 396 1370 Situation
430 1337 520 1371 oder
551 1337 633 1372 eine
660 1337 731 1372 den
759 1337 865 1372 Staat
889 1338 951 1372 be-

207 1382 389 1418 treffende
426 1384 546 1428 Frage
589 1396 650 1418 zur
689 1384 853 1429 Sprache
901 1385 953 1428 (in

208 1431 426 1475 Anregung)
452 1431 620 1476 bringeri.

258 1478 515 1523 inspiciendas]
538 1478 606 1512 wie
621 1478 680 1521 27,
702 1483 758 1521 21,
778 1483 796 1513 7
823 1480 954 1514 missus

209 1526 272 1568 qui
303 1535 376 1559 rem
409 1526 599 1570 inspiceret
629 1537 672 1560 ae
702 1527 736 1560 si
761 1527 874 1571 diyna
902 1528 952 1561 vt-

208 1572 350 1606 deretur
397 1573 614 1615 (eventuelll
662 1574 789 1608 bellum
832 1578 950 1608 trans-

206 1619 328 1661 ferret,
354 1618 414 1662 39,
438 1623 493 1661 48,
522 1624 541 1654 5
572 1621 750 1655 sociorum
774 1631 830 1654 res
855 1623 950 1665 aspi-

209 1676 295 1710 cere,
308 1666 436 1700 beides
449 1666 508 1701 die
520 1667 724 1701 stehenden
735 1667 950 1702 Ausdrficke

209 1713 274 1747 der
323 1713 568 1758 Diplomatie:
629 1711 952 1758 ἐπισκεψομένους

206 1759 286 1794 Pol.
314 1760 347 1804 3,
377 1765 430 1802 15,
457 1765 488 1795 2.

254 1811 286 1841 4.
314 1809 444 1851 quibus
468 1809 501 1842 si
524 1825 560 1836 =
584 1809 659 1852 qui,
685 1809 718 1842 si
743 1809 800 1842 iis.

253 1855 374 1901 sociis]
411 1855 490 1889 Per.
525 1855 590 1889 lib.
625 1860 667 1890 21
704 1855 950 1900 Say-antinum

206 1903 384 1936 sociorum
403 1903 536 1946 populi
558 1902 604 1937 R.
614 1917 626 1945 ;
662 1914 692 1936 c.
721 1907 757 1945 7,
793 1907 814 1937 3
845 1903 949 1946 fidem

207 1950 393 1991 socialem;
426 1949 520 1983 Flor.
548 1950 583 1992 2,
611 1954 648 1991 6,
676 1953 696 1984 6
721 1951 838 1984 sociae
864 1950 948 1985 civi-

207 1997 302 2030 tatz's.
352 1996 403 2029 Zu
429 2008 459 2032 c.
482 2000 514 2037 2,
542 2001 572 2031 7.

255 2047 286 2077 5.
312 2043 380 2077 hae
405 2044 579 2088 Ieyattone
603 2045 682 2088 etc]
715 2043 849 2077 nimmt
876 2044 948 2078 den

208 2089 325 2122 durch
337 2089 397 2123 die
410 2089 658 2134 weitli'iufigen
670 2090 947 2124 lnstruktionen

208 2136 273 2169 der
299 2135 588 2170 Gesandtschaft
612 2137 949 2181 halbvergessenen

208 2182 485 2227 Temporalsatz
518 2194 597 2218 cnm
623 2184 819 2228 placuisset
854 2185 950 2218 mitti

207 2231 339 2274 Ieyatos
365 2229 501 2264 wieder
527 2229 599 2264 auf.

255 2282 286 2311 6.
301 2277 495 2322 Africam]
507 2276 574 2311 Die
584 2276 798 2320 Senatoren,
808 2277 949 2311 welche

203 2323 297 2367 jetzt
307 2323 562 2357 schonAfrika
573 2324 644 2357 den
655 2323 768 2368 Krieg
780 2324 949 2358 erklaren

208 2370 369 2413 wolsten,
379 2370 399 2403 k
407 2372 543 2405 onnten
551 2370 767 2415 unmoglich
776 2371 947 2415 glauben,

207 2416 393 2451 Hannibal
410 2417 505 2451 habe
525 2417 667 2461 Sagunt
683 2418 778 2452 ohne
796 2417 947 2451 Einwil-

208 2463 338 2508 ligung
349 2463 469 2498 seiner
480 2465 693 2509 Regierung
706 2464 946 2509 angegriffen.

253 2512 497 2557 intenderant]
510 2511 703 2545 Variation
711 2523 753 2545 zu
762 2513 949 2546 censebant

207 2558 281 2591 und
308 2563 485 2593 censerent
506 2562 524 2600 ἓ
545 2563 576 2601 7,
595 2559 661 2592 das
676 2558 840 2603 l'lusqpf.
862 2558 948 2593 weil

207 2605 273 2638 das
305 2606 487 2640 intendere
518 2605 603 2640 dem
634 2616 770 2640 censere
800 2616 948 2640 voraus-

207 2651 313 2695 geht:
335 2649 480 2686 ‘hatten
502 2653 573 2687 den
588 2652 704 2697 Krieg
724 2652 949 2687 beschri'rnkt

209 2697 339 2732 wissen
360 2699 495 2733 wellen
514 2700 588 2733 und
611 2699 800 2734 stimmten
819 2697 944 2734 daher’

207 2755 240 2780 u.
268 2756 294 2778 s.
321 2757 364 2778 w.
391 2745 451 2789 37,
477 2750 538 2789 36,
566 2750 586 2780 9
620 2751 731 2781 totam
757 2757 881 2781 curam
906 2748 946 2781 in

208 2791 289 2825 bell-i
313 2796 533 2836 apparatum
558 2794 723 2828 intendit.

256 2841 286 2871 7.
306 2849 380 2873 non
399 2839 537 2886 temere]
557 2850 632 2873 was
648 2839 710 2874 bei
726 2839 946 2884 einmaliger

207 2883 394 2929 Beratung
432 2885 496 2919 der
530 2885 609 2919 Fau
644 2890 757 2929 ware3
793 2886 852 2929 23,
887 2891 943 2930 20,

1026 1295 1045 1325 9
1071 1291 1158 1325 vicit
1189 1301 1230 1324 ea
1258 1300 1350 1334 pars
1385 1301 1475 1334 quae
1507 1291 1602 1324 nihil
1635 1292 1771 1335 raptim

1025 1348 1089 1372 nec
1122 1341 1145 1372 t.
1173 1337 1353 1382 ayendum
1380 1337 1703 1382 consulendumque
1727 1338 1772 1373 de

1025 1386 1163 1430 intey-ro
1207 1388 1363 1426 censuit,-
1406 1384 1501 1418 auch
1546 1395 1668 1419 waren
1709 1384 1773 1420 die

1026 1432 1162 1465 Romer
1186 1431 1236 1464 im
1260 1430 1291 1465 J.
1319 1435 1398 1474 219,
1426 1431 1463 1464 in
1484 1431 1643 1465 welches
1669 1432 1769 1466 that-

1027 1478 1193 1512 sachlich
1235 1477 1296 1512 die
1336 1478 1573 1522 Belagerung
1608 1478 1769 1523 Sagunts

1027 1526 1122 1566 l‘allt,
1158 1525 1228 1559 mit
1263 1525 1346 1560 dem
1382 1524 1599 1569 illyrischen
1632 1525 1769 1570 Kriege

1024 1572 1262 1617 beschaftigt.

1071 1644 1148 1676 erp.
1184 1631 1330 1676 leyatos]
1369 1631 1428 1665 die
1464 1630 1668 1665 Rsickkehr
1703 1630 1771 1666 der

1023 1679 1149 1723 gleich
1174 1690 1216 1712 zu
1249 1678 1463 1712 sendenden
1496 1678 1626 1721 (daher
1649 1683 1766 1713 matu—

1022 1727 1116 1770 rius>
1155 1725 1384 1767 Gesandten‚
1427 1724 1648 1760 schwerlich
1686 1725 1768 1760 eine

1024 1772 1316 1807 Gesandtschaft
1341 1773 1406 1807 der
1421 1771 1658 1817 Saguntiner,
1684 1772 1768 1807 wel-

1024 1820 1090 1854 che
1112 1820 1184 1854 den
1197 1820 1342 1864 Beginn
1362 1819 1427 1853 der
1446 1819 1684 1863 Belagerung
1705 1822 1767 1854 be-

1023 1867 1187 1912 statigen
1221 1867 1347 1909 sollte;
1383 1866 1422 1900 in
1457 1867 1636 1900 welchem
1662 1867 1768 1901 Falle

1023 1914 1122 1948 dann
1153 1914 1193 1948 in
1224 1914 1308 1949 dem
1339 1913 1514 1958 passiven
1549 1913 1768 1949 Ausdrucke

1022 1966 1040 2003 ξ
1068 1966 1087 1996 5
1115 1963 1279 1997 adlatum
1304 1965 1354 1996 est
1379 1960 1445 1995 der
1465 1960 1555 1995 Sinn
1579 1960 1770 2005 gefunden

1023 2009 1171 2044 werden
1191 2006 1331 2051 mfisste,
1353 2007 1428 2042 dass
1449 2007 1509 2042 die
1531 2012 1628 2042 erste
1642 2008 1767 2042 Nach-

1021 2055 1121 2089 richt
1143 2055 1251 2090 keine
1275 2054 1446 2089 offizielle
1467 2065 1551 2089 war.

1069 2117 1100 2148 8.
1127 2114 1177 2148 ad
1203 2113 1463 2158 Hannibalem]
1490 2112 1678 2146 natfirlich
1697 2113 1767 2147 mit

1023 2161 1106 2194 dem
1127 2164 1145 2201 ξ
1166 2164 1187 2194 4
1214 2159 1439 2202 erwahnten,
1465 2159 1582 2193 durch
1605 2159 1665 2194 die
1684 2171 1764 2195 ver—

1022 2207 1174 2241 iinderte
1191 2206 1374 2250 Sachlage
1394 2205 1661 2240 modifizierten
1677 2207 1766 2240 Auf-

1022 2256 1144 2297 trage,
1170 2257 1211 2288 ut
1236 2265 1259 2287 a·
1285 2253 1447 2298 Sayunto
1472 2254 1663 2296 recederet,·
1689 2253 1763 2289 Cic.

1022 2300 1116 2334 Phil.
1143 2299 1177 2342 5,
1206 2304 1259 2343 10,
1287 2304 1348 2340 27;
1375 2301 1425 2334 ad
1449 2300 1572 2334 ducem
1597 2301 1674 2345 clep.
1700 2301 1765 2336 be-

1021 2347 1121 2381 zieht
1147 2347 1225 2381 sich
1251 2358 1319 2380 nur
1345 2346 1410 2380 auf
1433 2346 1698 2392 Carthayinem.

1068 2406 1315 2451 absisteretur]
1353 2404 1464 2439 Caear
1505 2405 1581 2439 und
1623 2405 1764 2441 Sallust

1022 2464 1090 2487 nur
1125 2454 1306 2495 desistere,
1342 2451 1411 2486 wie
1447 2452 1544 2485 auch
1577 2451 1615 2486 L.
1647 2453 1676 2496 7,
1704 2457 1761 2496 40,

1025 2504 1065 2534 12
1086 2500 1119 2535 d.
1142 2500 1248 2542 bello‚·
1274 2498 1373 2534 Curt.
1390 2499 1447 2541 10,
1463 2503 1493 2541 7,
1511 2503 1553 2534 18
1573 2500 1648 2534 abs.
1664 2501 1761 2536 bello.

1068 2558 1342 2604 deposcendum]
1370 2557 1438 2592 Die
1459 2559 1556 2592 erste
1578 2558 1760 2593 Gesandt-

1022 2606 1152 2648 schaft,
1185 2605 1325 2639 welche
1350 2604 1526 2649 iibrigens
1551 2604 1668 2648 Polyb
1694 2617 1763 2640 vor

1022 2653 1106 2687 dem
1131 2652 1296 2696 Beginne
1329 2651 1394 2685 der
1424 2651 1661 2695 Belagerung
1695 2652 1760 2686 ab-

1020 2699 1141 2744 gehen
1171 2697 1263 2742 lact,
1304 2699 1409 2732 hatte
1443 2698 1540 2732 noch
1576 2697 1683 2732 nicht
1719 2709 1761 2734 so

1019 2746 1106 2781 weit
1116 2745 1284 2789 gehende
1295 2744 1588 2786 Instruktionen‚
1601 2745 1761 2780 sondern

1018 2805 1087 2827 nur
1112 2793 1184 2827 den
1198 2791 1340 2835 Zweck,
1366 2791 1587 2826 militarisch
1608 2792 1683 2826 und
1703 2793 1759 2827 di-

1017 2838 1242 2885 plomatisch
1267 2850 1334 2873 vor
1355 2838 1496 2883 Sagunt
1519 2838 1596 2872 und
1614 2838 1654 2872 in
1667 2839 1759 2873 Kar-

1017 2887 1132 2931 thago
1153 2898 1195 2920 zu
1208 2887 1524 2930 recognoscieren.
1552 2885 1637 2930 Vgl.
1651 2885 1760 2921 ihren
