1882 3163
149 92 205 135 88
705 93 848 128 LIBER
873 94 986 129 xxii.
1038 95 1138 130 CAP.
1167 99 1221 131 59.

1551 113 1576 132 a.
1598 114 1628 132 u.
1648 107 1709 133 538.

149 201 398 257 neclegendi
436 201 557 243 vobis
597 216 726 256 quam
763 216 843 243 nos
881 202 926 243 in
961 202 1153 244 hostium
1191 205 1451 257 potestatem
1492 207 1706 246 venerunt.

103 273 123 304 3
149 274 238 303 non
284 260 397 301 enim
441 260 488 301 in
526 260 614 301 acie
651 275 727 315 per
764 260 965 302 timorem
1004 276 1122 303 arma
1165 262 1436 316 tradidimus,
1482 263 1572 316 sed,
1615 277 1708 305 cum

151 333 284 374 prope
305 319 357 360 ad
377 321 549 361 noctem
576 321 870 373 superstantes
892 320 1074 362 cumulis
1101 335 1322 362 caesorum
1343 335 1567 374 corporum
1592 335 1709 375 proe-

103 392 124 422 4
150 379 256 419 lium
289 377 642 432 extraxissemus,
680 379 725 420 in
764 381 906 420 castra
935 380 1171 433 recepimus
1203 394 1300 434 nos3
1341 379 1423 420 diei
1455 380 1627 421 relicum
1660 393 1709 422 ac

149 439 319 478 noctem
350 437 647 491 insequentem
678 436 781 478 fessi
812 438 959 479 labore
1000 453 1049 479 ac
1080 439 1325 480 vulneribus
1363 438 1525 479 vallum
1565 453 1710 480 sumus

104 509 124 540 5
150 496 298 550 tutati;
330 498 504 550 postero
537 495 621 550 die,
663 510 759 537 cum
801 496 1067 538 circumsessi
1099 498 1152 538 ab
1192 497 1378 538 exercitu
1410 497 1568 539 victore
1601 511 1712 551 aqua

153 568 410 610 arceremur,
448 569 527 596 nec
566 555 656 596 ulla
686 555 773 596 iam
804 569 880 608 per
911 555 1126 597 confertos
1158 556 1296 597 hostis
1330 556 1578 610 erumpendi
1615 570 1717 610 spes-

153 615 282 668 esset,
306 628 384 655 nec
405 628 498 655 esse
525 614 647 655 nefas
674 613 921 656 duceremus
949 615 1262 669 quinquaginta
1288 614 1461 656 milibus
1488 614 1715 656 hominum

152 687 202 713 ex
230 672 319 713 acie
339 674 489 714 nostra
515 672 742 714 trucidatis
771 673 957 727 aliquem
985 687 1035 714 ex
1056 672 1272 714 Cannensi
1297 687 1443 728 pugna
1469 673 1713 714 Romanum

105 745 125 776 6
151 731 331 772 militem
372 734 552 785 restare,
603 733 708 773 tunc
752 731 921 772 demum
964 731 1079 786 pacti
1117 747 1262 773 sumus
1301 732 1486 786 pretium
1531 746 1613 785 quo
1651 745 1713 772 re-

153 789 317 844 dempti
350 790 679 844 dimitteremur,
719 805 856 843 arma,
895 790 941 831 in
979 791 1132 845 quibus
1169 790 1275 831 nihil
1314 792 1398 831 iam
1438 790 1572 832 auxili
1610 793 1716 844 erat,

106 863 124 894 7
151 849 269 890 hosti
300 848 567 890 tradidimus.
612 849 797 890 maiores
825 863 991 903 quoque
1018 863 1317 902 acceperamus
1342 864 1385 890 se
1408 864 1433 890 a
1454 848 1589 890 Gallis
1611 863 1716 890 auro

152 907 402 962 redemisse,
441 910 483 949 et
514 910 660 962 patres
693 910 876 961 vestros,
916 908 1174 961 asperrimos
1212 908 1310 949 illos
1349 908 1402 949 ad
1441 907 1716 950 condiciones

152 966 291 1020 pacis,
330 967 497 1021 legatos
529 970 676 1008 tamen
709 967 975 1019 captivorum
1005 966 1353 1007 redimendorum
1385 967 1527 1021 gratia
1558 966 1715 1007 Taren-

105 1041 126 1071 8
152 1027 245 1066 tum
279 1025 462 1066 misisse.
523 1025 642 1080 atqui
674 1027 717 1065 et
748 1026 805 1066 ad
833 1024 979 1066 Aliam
1011 1039 1107 1066 cum
1135 1024 1271 1066 Gallis
1305 1027 1348 1066 et
1379 1025 1432 1066 ad
1462 1024 1717 1066 Heracleam

154 1098 250 1125 cum
281 1083 447 1138 Pyrrho
482 1086 662 1137 utraque
702 1097 791 1124 non
828 1085 918 1124 tam
957 1083 1077 1124 clade
1109 1083 1280 1124 infamis
1318 1097 1445 1137 quam
1477 1097 1634 1137 pavore
1673 1085 1717 1123 et

152 1142 258 1197 fuga
277 1156 422 1197 pugna
441 1142 533 1183 fuit.
567 1140 806 1183 Cannensis
828 1156 1003 1197 campos
1025 1142 1164 1183 acervi
1178 1142 1473 1184 Romanorum
1489 1155 1714 1196 corporum

151 1204 322 1255 tegunt,
354 1215 431 1242 nec
465 1215 740 1255 supersumus
773 1214 962 1255 pugnae,
994 1201 1079 1242 nisi
1111 1201 1156 1241 in
1189 1201 1342 1256 quibus
1374 1200 1638 1242 trucidandis
1673 1203 1716 1241 et

104 1277 124 1308 9
151 1259 313 1300 ferrum
357 1262 399 1300 et
442 1260 554 1301 vires
598 1259 769 1301 hostem
818 1259 1075 1301 defecerunt.
1145 1262 1245 1301 sunt
1289 1260 1420 1300 etiam
1465 1259 1515 1300 de
1556 1258 1718 1300 nostris

153 1318 340 1373 quidam,
370 1318 443 1372 qui
463 1333 517 1360 ne
544 1319 588 1359 in
615 1319 703 1360 acie
730 1318 900 1372 quidem
926 1318 1195 1373 refugerunt,
1224 1318 1298 1359 sed
1324 1318 1537 1372 praesidio
1565 1317 1720 1359 castris

152 1377 310 1430 relicti,
338 1392 435 1418 cum
456 1379 598 1419 castra
617 1377 905 1431 traderentur,
935 1377 979 1418 in
999 1379 1260 1431 potestatem
1281 1377 1471 1418 hostium
1497 1378 1720 1418 venerunt.

85 1454 128 1485 10
153 1435 268 1477 haud
308 1436 502 1490 equidem
539 1436 668 1477 ullius
701 1436 804 1478 civis
845 1438 887 1477 et
924 1435 1234 1478 commilitonis
1272 1436 1470 1477 fortunae
1504 1437 1578 1476 aut
1618 1449 1719 1476 con-

155 1494 313 1536 dicioni
350 1495 540 1548 invideo,
577 1509 656 1536 nec
692 1494 924 1549 premendo
965 1495 1096 1536 alium
1134 1509 1201 1535 me
1240 1495 1443 1536 extulisse
1482 1494 1612 1535 velim
1643 1508 1721 1534 -τ

153 1567 207 1594 ne
238 1553 303 1594 illi
335 1553 524 1607 quidem,
555 1554 638 1594 nisi
672 1553 939 1607 pernicitatis
972 1553 1127 1607 pedum
1155 1556 1197 1594 et
1224 1568 1371 1595 cursus
1402 1553 1574 1607 aliquod
1600 1566 1721 1606 prae-

154 1612 288 1652 mium
322 1614 404 1665 est,
450 1612 522 1666 qui
560 1613 753 1667 plerique
792 1612 976 1653 inermes
1017 1626 1067 1653 ex
1107 1612 1195 1653 acie
1227 1612 1442 1666 fugientes
1474 1625 1562 1652 non
1598 1611 1718 1665 prius

155 1685 283 1724 quam
315 1669 530 1712 Venusiae
564 1673 637 1712 aut
664 1669 821 1712 Canusi
854 1671 1161 1724 consisterunt,
1194 1685 1237 1712 se
1263 1670 1391 1712 nobis
1418 1669 1572 1711 merito
1598 1683 1720 1723 prae-

154 1729 333 1770 tulerint
369 1729 628 1784 gloriatique
673 1730 762 1771 sint
792 1730 838 1770 in
877 1743 921 1770 se
962 1729 1060 1783 plus
1099 1744 1226 1783 quam
1268 1729 1314 1770 in
1353 1728 1478 1770 nobis
1516 1727 1720 1782 praesidii

155 1868 230 1913 vgl.
258 1879 287 1904 c.
310 1871 365 1912 54,
386 1872 407 1903 8
434 1867 554 1902 minor
579 1879 678 1912 vero,
700 1872 756 1911 23,
780 1872 835 1912 19,
857 1872 899 1903 11

156 1915 307 1950 citatior
348 1914 469 1950 solito.
516 1936 558 1940 —
603 1916 901 1950 eoetraxissemus:

156 1962 221 1997 der
258 1962 403 1997 Redner
440 1962 543 1997 stellt
581 1962 791 2007 diejenigen
833 1962 900 1997 Ge-

155 2009 340 2053 fangenen
378 2009 433 2043 als
466 2009 525 2043 die
560 2020 619 2044 am
652 2009 809 2044 meisten
836 2010 902 2044 der

156 2055 375 2090 Teilnahme
394 2055 635 2100 Bedfirftigen
655 2067 787 2099 voran,
814 2057 900 2090 wel—

157 2103 224 2137 che
256 2102 296 2137 in
327 2102 392 2136 der
424 2102 602 2137 Schlacht
635 2102 902 2147 mitgekampft

156 2148 288 2184 haben.
323 2169 367 2174 —
409 2160 506 2193 aqua
537 2160 610 2184 arc.
643 2161 673 2184 c.
701 2154 762 2193 52,
802 2153 832 2184 1.
858 2170 905 2174 —

158 2196 353 2239 consertos,
392 2206 468 2230 was
503 2195 562 2230 die
588 2196 725 2231 Feinde
757 2195 903 2230 freilich

156 2242 262 2277 nicht
282 2253 424 2285 waren,
450 2253 493 2276 zu
514 2253 544 2277 c.
567 2245 622 2284 50,
644 2246 674 2276 9.
691 2263 733 2267 —
750 2243 905 2286 aliquem

157 2290 305 2324 militem
326 2300 365 2323 so
386 2289 461 2323 viel
487 2289 541 2323 als
566 2288 711 2332 aliquid
730 2288 903 2324 militum.

211 2340 312 2370 7—9.
325 2346 575 2380 acceperamus
588 2336 823 2380 gewohnlich
832 2346 904 2370 von

162 2383 394 2417 miindlicher
413 2381 642 2427 Mitteilung,
668 2383 724 2417 oft
748 2383 904 2417 verbun-

163 2430 233 2464 den
254 2430 325 2464 mit
343 2441 365 2464 a
384 2429 596 2464 maioribus.
616 2450 656 2454 -
679 2442 702 2464 a
723 2429 852 2473 Gallis,
873 2433 906 2473 5,

163 2480 219 2520 48,
235 2480 267 2512 8.
284 2497 325 2501 ——
354 2477 447 2520 illos,
469 2476 523 2512 oft
537 2476 652 2511 durch
667 2476 817 2520 quidem
828 2487 906 2511 ver-

163 2523 296 2567 starkt,
317 2540 360 2552 =
388 2523 569 2568 quamvis,
595 2523 756 2558 welches
782 2523 820 2557 in
843 2523 909 2557 der

163 2571 306 2605 alteren
345 2570 460 2605 Prosa
502 2581 568 2605 vor
608 2571 647 2605 L.
692 2570 796 2605 nicht
840 2570 909 2604 mit

161 2617 388 2661 Adjektiven
420 2617 508 2652 oder
533 2616 669 2652 Partic.
695 2617 908 2652 verbunden

162 2663 264 2699 wird.
298 2684 343 2689 -
379 2665 531 2710 Zeyatos,
562 2675 609 2699 an
642 2663 752 2699 deren
785 2663 908 2709 Spitze

162 2710 200 2744 C.
221 2710 411 2746 Fabricius
433 2711 552 2747 stand.
581 2732 623 2736 —
648 2722 786 2755 pavore
811 2710 910 2755 passt

162 2757 266 2791 mehr
305 2758 371 2791 auf
404 2757 463 2792 die
503 2757 727 2802 Niederlage
766 2769 812 2792 an
845 2758 909 2792 der

163 2803 268 2846 Alia3
308 2804 371 2839 der
401 2804 553 2840 Verlust
585 2804 649 2839 der
681 2805 818 2840 Romer
848 2803 907 2839 bei

163 2849 344 2886 Heraclea
369 2851 460 2886 wird
493 2852 559 2886 auf
589 2855 680 2887 7000
705 2852 816 2886 Manu
843 2862 907 2886 an—

973 1868 1152 1913 gegeben.
1173 1888 1219 1892 —
1239 1868 1399 1912 quidam,
1418 1867 1514 1902 nach
1537 1867 1601 1901 des
1622 1867 1719 1902 Red-

974 1926 1056 1949 ners
1100 1915 1340 1960 Darstellung
1384 1915 1442 1949 die
1480 1914 1725 1958 Minderzahl,

972 1962 1068 1996 nach
1082 1961 1200 2006 Polyb
1217 1966 1248 2002 6,
1270 1964 1326 2005 58,
1348 1965 1367 1995 2
1389 1961 1448 1996 die
1468 1960 1719 2006 Hauptmasse

974 2009 1039 2043 der
1062 2008 1312 2053 Gesangenen,
1340 2012 1432 2043 8000
1457 2008 1581 2043 Mann.
1608 2027 1652 2033 —·
1677 2008 1720 2042 in

974 2057 1051 2090 acie
1099 2056 1327 2100 refuyerunt,
1384 2055 1620 2100 gewo'hnlich
1675 2065 1721 2089 ex

974 2102 1052 2137 acie
1085 2105 1104 2143 g
1135 2107 1188 2137 10.
1227 2106 1288 2144 24,
1321 2105 1383 2145 49,
1420 2105 1452 2138 5.
1489 2105 1550 2144 26,
1591 2105 1630 2143 2,
1665 2104 1722 2144 14,

976 2148 1118 2183 welche
1143 2148 1342 2192 Wendung
1366 2159 1438 2182 von
1465 2147 1550 2182 dem
1575 2146 1722 2182 Redner

976 2195 1076 2229 wohl
1114 2194 1335 2229 absichtlich
1364 2194 1578 2229 vermieden
1608 2193 1723 2237 wird3

976 2242 1190 2286 refuyerunt
1237 2241 1342 2275 nicht
1396 2241 1606 2285 uberhaupt
1661 2240 1722 2276 die

977 2287 1111 2322 Flucht
1145 2288 1342 2332 ergreifen,
1382 2288 1542 2322 sondern
1573 2288 1652 2323 sich
1682 2287 1723 2322 in

977 2335 1041 2369 das
1067 2334 1186 2379 Lager
1211 2334 1490 2377 zuriickziehen,
1517 2345 1547 2369 c.
1575 2338 1638 2377 60,
1665 2338 1723 2370 25.

1027 2385 1175 2417 10—12.
1212 2382 1476 2424 commilitonis,
1504 2381 1574 2416 mit
1598 2382 1724 2426 Bezug

980 2428 1045 2463 auf
1068 2428 1127 2463 die
1148 2428 1250 2472 socii,
1278 2429 1438 2463 welcher
1457 2428 1652 2463 Ausdruck
1670 2427 1722 2462 im

981 2475 1154 2520 Singular
1180 2475 1298 2511 selten
1323 2475 1529 2520 gebraucht
1552 2474 1655 2510 wird.
1677 2495 1721 2499 —

976 2533 1088 2566 prem.
1121 2523 1252 2566 alium,
1290 2522 1357 2557 auf
1384 2522 1524 2557 Kosten
1557 2521 1723 2556 andei-er.

981 2590 1023 2593 —
1042 2570 1211 2604 eaetulisse
1232 2569 1427 2605 aoristisch
1448 2567 1506 2602 fiir
1526 2567 1592 2602 das
1618 2567 1722 2602 deut-

982 2616 1068 2651 sche
1094 2616 1262 2659 Prasens,
1288 2615 1489 2651 besonders
1514 2614 1609 2649 nach
1634 2614 1724 2650 volo

982 2663 1058 2697 und
1082 2663 1180 2707 nolo,
1207 2667 1264 2706 30,
1292 2666 1346 2705 14,
1374 2666 1393 2696 6
1419 2662 1515 2696 hanc
1539 2662 1578 2696 te
1598 2661 1645 2695 ad
1665 2671 1722 2695 ce-

981 2711 1079 2744 teras
1106 2712 1188 2745 tuas
1213 2710 1367 2744 virtutes
1395 2707 1572 2743 adiecisse
1597 2707 1721 2742 velim.

983 2777 1025 2781 —-
1052 2757 1142 2800 nisi,
1169 2756 1220 2791 im
1248 2756 1359 2791 Sinne
1384 2766 1456 2790 von
1483 2767 1517 2789 n.
1544 2753 1656 2798 forte,
1686 2766 1722 2789 n.

981 2814 1079 2838 vero.
1108 2824 1148 2830 —-
1179 2815 1284 2848 pern.
1317 2803 1468 2847 pedum,
1505 2805 1537 2843 9,
1573 2805 1632 2844 16,
1667 2804 1722 2836 13.

981 2849 1064 2885 Tac.
1105 2850 1226 2886 Germ.
1263 2854 1318 2885 46.
1359 2870 1401 2874 —
1444 2848 1594 2893 storiati
1636 2848 1724 2892 sint,
