1882 3163
210 107 267 148 60
691 104 833 139 LIBER
857 103 989 139 XXIII.
1040 104 1141 140 CAP.
1167 109 1222 140 29.
1250 110 1305 141 30.
1604 123 1629 141 a.
1648 124 1677 141 u.
1699 116 1763 144 538.

210 230 297 257 non
324 214 450 257 modo
476 214 521 255 in
546 214 717 255 Italiam
743 213 994 255 traducendi
1020 214 1240 267 exercitus,
1272 213 1344 255 sed
1369 228 1423 255 ne
1449 215 1648 256 manendi
1675 215 1763 270 qui-

156 287 198 317 17
215 275 309 316 dem
337 274 442 315 satis
467 276 561 315 tuto
588 274 633 314 in
660 272 873 327 Hispania
905 287 1022 327 spem
1053 273 1295 327 reliquerat.
1342 288 1449 328 quae
1482 276 1763 329 posteaquam

210 333 366 374 litteris
399 332 645 386 Scipionum
670 332 832 373 Romae
857 332 1034 387 volgata
1060 335 1169 386 sunt,
1200 346 1288 374 non
1312 334 1403 374 tam
1430 333 1610 374 victoria
1635 348 1764 388 quam

211 392 430 446 prohibito
462 390 746 432 Hasdrubalis
778 391 823 432 in
854 391 1027 432 Italiam
1058 392 1240 432 transitu
1272 391 1557 433 laetabantur.

141 453 198 494 30
329 451 443 492 Dum
467 451 573 492 haec
598 451 642 491 in
669 450 881 504 Hispania
907 452 1122 505 geruntur,
1148 450 1312 491 Petelia
1331 451 1375 492 in
1394 450 1574 492 Bruttiis
1600 451 1766 506 aliquot

211 513 312 565 post
350 510 587 564 mensibus,
631 524 758 564 quam
797 512 946 564 coepta
990 510 1231 565 oppugnari
1277 512 1383 564 erat,
1428 511 1481 551 ab
1520 509 1764 552 Himilcone

171 582 191 612 2
212 569 428 624 praefecto
449 568 705 611 Hannibalis
727 571 970 623 expugnata
997 573 1073 610 est.
1117 569 1252 609 multo
1281 569 1488 623 sanguine
1515 584 1563 611 ac
1582 569 1764 611 volneri-

211 630 292 671 bus
320 643 369 670 ea
394 628 550 670 Poenis
576 628 753 670 victoria
780 628 917 681 stetit3
950 641 1028 668 nec
1053 628 1142 669 ulla
1168 628 1305 683 magis
1327 628 1389 669 vis
1417 629 1614 670 obsessos
1635 643 1764 683 quam

170 700 189 730 3
210 689 345 729 fames
379 688 648 742 expugnavit.
701 687 939 741 absumptis
966 687 1077 727 enim
1102 686 1273 742 frugum
1295 687 1513 728 ‘alimentis
1540 689 1764 742 carnisque

212 748 350 789 omnis
379 747 547 801 generis
576 747 895 800 quadrupedum
923 748 1068 786 suetae
1094 747 1368 801 insuetaeque,
1394 749 1609 800 postremo
1638 747 1764 788 coriis

211 807 439 861 herbisque
483 808 525 847 et
568 806 780 847 radicibus
827 808 869 845 et
907 804 1136 846 corticibus
1174 806 1333 846 teneris
1373 806 1616 860 strictisque
1647 805 1763 847 foliis

171 877 192 907 4
212 866 365 920 vixere,
397 879 473 906 nec
508 868 616 918 ante,
650 879 775 919 quam
808 864 918 904 vires
952 863 1003 904 ad
1036 864 1234 905 standum
1266 864 1312 905 in
1343 865 1474 906 muris
1506 864 1765 919 ferendaque

213 940 333 966 arma
364 925 548 977 deerant,
575 923 807 978 expugnati
840 924 949 964 sunt.

212 1053 299 1098 (vgl.
339 1051 430 1096 Kap.
463 1055 520 1094 27,
550 1055 569 1085 9
603 1051 758 1094 avertit).
798 1070 840 1075 —
879 1061 954 1084 non

211 1102 312 1135 inodo
335 1127 341 1133 .
360 1126 388 1133 ..
409 1098 620 1144 reliquerat]
661 1115 704 1127 =
742 1109 816 1132 non
850 1098 953 1132 modo

210 1158 307 1191 spem
328 1148 366 1181 in
388 1147 437 1181 It.
453 1146 548 1180 traol.
564 1157 628 1189 eat„
655 1145 715 1180 secl
735 1146 842 1180 etiam
856 1156 951 1180 man.

210 1206 237 1230 s.
259 1199 282 1229 t.
304 1195 345 1228 in
364 1193 413 1228 H.
436 1194 626 1228 ademerat.
653 1193 727 1227 Der
743 1193 828 1227 Satz
845 1192 952 1226 iiber-

210 1242 344 1284 treibt,
383 1241 430 1274 da
454 1239 666 1275 Hasdrubal
698 1241 794 1274 noch
826 1240 953 1274 sieben

212 1289 233 1323 J
236 1289 324 1323 ahre
345 1288 383 1322 in
399 1288 560 1332 Spanien
580 1299 664 1322 war.
683 1308 726 1312 —
742 1287 950 1332 reliquerat]

212 1336 376 1380 Plusqpf.
409 1335 478 1370 mit
518 1336 636 1380 bezug
671 1335 736 1369 auf
768 1336 953 1378 acliunscit,

212 1384 372 1418 welches
385 1384 498 1417 etwas
512 1384 587 1417 erst
597 1383 693 1417 nach
707 1382 954 1417 der-Schlacht

212 1431 470 1465 Eintre‘cendes
497 1430 722 1464 bezeichnet.

262 1482 317 1512 17.
350 1478 601 1522 posteaquam]
639 1477 755 1512 selten
789 1476 850 1511 bei
875 1477 953 1511 Liv.

214 1527 411 1570 (9,46,11;
441 1529 565 1567 2831,
584 1527 629 1568 τ),
657 1524 711 1559 oft
730 1524 790 1558 bei
816 1523 953 1559 Cicero.

260 1584 369 1628 Kap.
409 1587 569 1618 30-32,
622 1582 838 1617 Verluste
877 1583 953 1617 der

212 1630 376 1665 Romer
401 1630 445 1664 in
471 1631 657 1673 Italien3
691 1641 803 1664 neue
839 1630 953 1663 Rus-

212 1680 384 1723 tungen
409 1678 453 1711 in
479 1678 585 1712 Rom
611 1690 644 1711 u.
672 1677 918 1721 Karthago.

260 1748 320 1783 30.
350 1752 379 1782 1.
407 1748 507 1793 clum]
535 1748 602 1783 Die
628 1748 879 1792 Ankm'ipfung
904 1747 954 1782 ist

212 1796 316 1830 nicht
340 1796 488 1840 richtig,
514 1794 638 1830 indem
658 1795 802 1830 Petelia
823 1795 952 1839 jeden-

213 1843 282 1877 fals
328 1846 402 1877 erst
438 1843 588 1887 langere
627 1843 707 1877 Zeit
750 1843 845 1876 nach
890 1842 954 1876 der

213 1890 435 1935 Niederlage
481 1889 544 1924 des
579 1889 789 1924 Hasdrubal
830 1890 953 1934 einge-

214 1949 387 1972 nommen
412 1937 548 1972 wurde.

263 1985 417 2030 Petelia]
446 1984 528 2028 Vgl.
556 1984 647 2029 Kap.
682 1989 737 2027 20,
760 1984 846 2027 4ff.;
873 1984 951 2018 Pol.

215 2036 252 2072 7,
288 2037 324 2075 1,
357 2036 394 2074 33
427 2032 580 2066 Frontin
619 2036 657 2074 4,
691 2035 728 2074 5,
764 2035 823 2074 183
868 2031 951 2065 Val.

213 2079 307 2113 Max.
328 2084 359 2121 6,
387 2083 418 2120 6,
445 2079 525 2114 Ext.
554 2083 594 2121 2;
620 2079 715 2124 App.
743 2079 862 2113 Hann.
890 2082 951 2121 293

214 2126 350 2160 Petron
379 2130 454 2160 141.

263 2172 416 2218 aliquot]
445 2189 488 2200 =
514 2173 678 2207 undecim
705 2173 847 2214 Front,
874 2171 950 2206 Pol.

215 2240 258 2244 —
285 2230 479 2263 oppuynai
482 2220 512 2265 7]
539 2219 609 2253 Ein
635 2200 855 2263 geordnetei·
881 2221 951 2252 A·n

215 2266 302 2311 griff
334 2277 410 2301 war
445 2266 548 2300 nicht
580 2266 759 2310 moglich‚
799 2266 846 2299 da
871 2266 950 2300 Pet.

215 2314 280 2348 auf
302 2313 422 2348 einem
448 2313 580 2347 Felsen
600 2314 663 2358 lag
682 2326 715 2348 u.
738 2313 797 2347 die
818 2312 954 2346 Punier

213 2362 252 2395 in
267 2360 332 2395 der
344 2360 712 2405 Belagerungskunst
732 2359 953 2394 unerfahren

214 2419 347 2443 waren.
376 2429 417 2432 —
440 2407 640 2452 praefecto]
668 2407 952 2441 Unterfeldherr.

262 2458 293 2490 2.
327 2465 429 2499 sany.
457 2466 499 2489 ac
524 2455 635 2500 coln]
671 2454 740 2489 wie
766 2452 833 2488 wir
859 2454 952 2488 Tote

213 2515 248 2537 u.
275 2502 520 2536 Verwundete
546 2502 838 2536 unterscheiden.

261 2550 373 2595 stetit]
400 2550 474 2584 Das
502 2549 667 2594 Simplex
685 2553 781 2583 stare
805 2548 924 2582 wir'd
916 2560 952 2582 m

216 2596 279 2631 der
304 2597 419 2631 Prosa
445 2597 519 2630 erst
542 2608 615 2631 von
640 2597 717 2631 Liv.
756 2600 802 2640 (2,
829 2599 886 2638 36,
913 2600 950 2638 43

216 2648 248 2687 3,
276 2648 330 2686 60,
357 2648 395 2686 2;
430 2647 489 2685 34,
516 2647 571 2688 50,
600 2645 634 2688 6)
666 2644 735 2678 mit
760 2644 843 2677 dem
869 2643 950 2676 Ab]

215 2672 330 2735 piretii
340 2671 563 2726 vei-bun’den.
591 2691 663 2725 Der
676 2689 949 2725 bildlicheAus-

217 2737 332 2771 druck
357 2738 474 2772 findet
509 2738 587 2772 sich
620 2739 733 2772 sehon
766 2737 824 2772 bei
852 2736 951 2771 Caes.

217 2785 249 2818 b.
277 2795 310 2828 g.
339 2789 376 2828 7,
411 2789 471 2827 19,
499 2789 535 2819 4:
575 2789 710 2829 quanto
746 2785 953 2819 detrimento

217 2833 248 2864 et
261 2835 344 2874 quot
357 2833 518 2866 virorzcm
533 2833 685 2875 fortium
702 2835 811 2867 morte
824 2841 954 2866 necesse

215 2878 262 2911 sit
288 2882 449 2913 constare
474 2880 670 2914 victoriam.

1075 1050 1241 1095 obsessos]
1269 1050 1343 1085 Das
1368 1050 1601 1095 personliehe
1629 1050 1769 1096 Objekt

1025 1097 1087 1132 bei
1130 1099 1351 1141 eoepugmavit
1395 1099 1439 1132 st.
1484 1098 1547 1132 des
1590 1099 1766 1142 gewohn-

1025 1144 1188 1179 licheren
1215 1144 1478 1190 Sachobjektes
1513 1146 1665 1189 (urbem)
1692 1155 1766 1179 em-

1026 1192 1157 1237 pfiehlt
1184 1191 1260 1226 sich
1285 1192 1377 1236 hier,
1417 1192 1501 1227 weil
1527 1193 1591 1227 der
1616 1193 1769 1236 Hunger

1027 1239 1120 1274 eben
1147 1239 1205 1274 die
1232 1240 1431 1275 Menschen
1458 1239 1652 1284 bezwingt.

1072 1299 1184 1341 fames
1210 1299 1446 1344 eaepuynavit]
1475 1299 1583 1334 Diese
1609 1298 1766 1333 Verbin-

1026 1346 1127 1390 dung
1153 1347 1259 1389 (statt
1284 1347 1395 1388 fames
1428 1347 1559 1390 effecit,
1589 1349 1630 1380 ut
1656 1357 1767 1390 expu—

1026 1397 1242 1438 9narentur3
1270 1394 1343 1438 vgl.
1366 1393 1456 1438 Kap.
1479 1397 1536 1435 29,
1557 1396 1592 1437 6)
1606 1405 1684 1428 war
1702 1393 1767 1428 da-

1027 1441 1143 1475 durch
1168 1441 1263 1476 nahe
1289 1441 1434 1485 gelegt,
1461 1440 1541 1474 dass
1569 1441 1627 1475 die
1652 1442 1767 1484 fames

1025 1487 1087 1522 bei
1098 1487 1275 1523 Dichtern
1288 1488 1343 1523 oft
1354 1488 1619 1532 persouifiziert
1631 1488 1767 1524 wurde.

1075 1551 1106 1582 3.
1146 1548 1282 1592 earnis]
1321 1547 1409 1582 Gen.
1445 1547 1576 1592 explic.
1617 1560 1661 1582 zu
1699 1547 1768 1582 ali·

1028 1595 1161 1628 mentis.

1073 1642 1188 1676 omnis
1212 1642 1306 1687 qen]
1353 1641 1441 1676 Gen.
1468 1641 1565 1685 qual.
1593 1654 1636 1676 zu
1679 1654 1769 1687 qua-

1027 1690 1237 1733 drupedum.
1284 1689 1366 1733 Vgl.
1396 1690 1480 1724 Tac.
1508 1689 1543 1723 h.
1571 1692 1611 1731 4,
1633 1693 1678 1724 60
1704 1690 1767 1724 ab·

1025 1737 1178 1780 surreptis
1203 1737 1371 1770 iumentis
1396 1737 1562 1780 equisque
1586 1739 1618 1770 et
1643 1738 1767 1772 ceteris

1027 1784 1259 1825 animalibus,
1285 1794 1375 1828 quae
1404 1784 1569 1827 profana
1593 1783 1768 1828 foedaque

1029 1833 1067 1866 in
1094 1842 1199 1865 usum
1224 1831 1413 1865 necessitas
1438 1831 1554 1865 vertit.

1075 1878 1251 1923 insuetae]
1288 1877 1366 1912 Liv.
1403 1878 1518 1912 denkt
1549 1888 1595 1912 an
1622 1878 1768 1921 Hunde,

1026 1925 1151 1960 Mause
1177 1938 1211 1959 u.
1238 1926 1375 1960 Ratten
1402 1925 1508 1970 (Kap.
1523 1928 1576 1968 19,
1593 1926 1661 1969 13).
1700 1924 1768 1960 Die

1025 1972 1140 2007 Katze
1167 1984 1243 2007 war
1268 1972 1323 2007 bis
1350 1972 1405 2007 ins
1430 1976 1462 2006 4.
1489 1972 1665 2008 Jahrh.n.
1683 1972 1768 2008 Chr.

1025 2020 1063 2054 in
1088 2020 1236 2064 Europa
1261 2020 1320 2054 ein
1348 2020 1433 2054 sehr
1459 2019 1616 2054 seltenes
1644 2019 1767 2055 Thier.

1074 2079 1196 2123 coriis]
1227 2077 1418 2123 Vg1.Kap.
1436 2082 1490 2121 19,
1507 2082 1568 2121 133
1595 2078 1766 2113 Frontin:

1026 2127 1133 2161 coriis
1175 2126 1386 2167 madefactis
1428 2129 1460 2159 et
1500 2127 1581 2169 iyne
1621 2126 1768 2160 siccatis

1024 2173 1192 2216 foliisque
1206 2173 1376 2206 arborum
1396 2175 1426 2205 et
1441 2173 1539 2206 omni
1550 2172 1768 2206 animalium

1024 2231 1147 2265 yenere
1165 2220 1275 2253 vitain
1296 2219 1474 2253 trahentes
1492 2219 1658 2253 undecim
1670 2230 1766 2254 men—

1025 2277 1079 2301 ses
1103 2266 1322 2300 obsidionem
1346 2266 1596 2300 toleraverunt,

1072 2313 1222 2358 strictis]
1262 2312 1381 2348 Term.
1413 2313 1536 2349 techn.
1571 2324 1655 2347 vom
1694 2314 1767 2349 Ab-

1026 2360 1161 2395 lauben
1193 2360 1257 2394 der
1290 2359 1444 2395 Baume:
1485 2359 1585 2395 Caes.
1612 2361 1646 2395 b.
1675 2371 1703 2395 c.
1731 2364 1765 2404 3,

1026 2411 1081 2450 58,
1119 2412 1138 2441 3
1173 2408 1273 2449 foliis
1309 2418 1351 2441 ea:
1387 2408 1578 2442 arboribus
1614 2407 1765 2450 stricti-33

1025 2455 1136 2499 Verg.
1170 2455 1246 2488 Ecl.
1281 2458 1312 2497 9,
1347 2458 1388 2488 61
1422 2455 1551 2489 densas
1585 2455 1767 2498 ayricolae

1025 2503 1210 2546 stt‘inyunt
1235 2502 1401 2544 frondem
1429 2501 1515 2536 Hor.
1528 2501 1643 2546 Epist.
1660 2506 1692 2545 1,
1710 2505 1766 2544 14,

1026 2553 1069 2584 28
1095 2549 1230 2583 strictis
1255 2549 1464 2592 frondibu33
1491 2548 1584 2584 Plin.
1606 2560 1640 2582 11.
1661 2548 1695 2582 h.
1720 2552 1764 2583 18

1026 2600 1044 2638 ξ
1082 2600 1148 2631 266
1182 2597 1320 2640 pabulo
1357 2596 1448 2639 folia
1485 2596 1576 2630 ulmi
1611 2597 1768 2640 strinyis

1025 2647 1089 2678 aut
1114 2644 1275 2688 deputas.

1071 2695 1103 2724 4.
1148 2701 1210 2724 nec
1254 2694 1353 2732 ante,
1397 2699 1531 2734 quam.
1572 2689 1763 2734 ,deerant]

1027 2742 1056 2780 7,
1073 2742 1127 2780 34,
1150 2741 1169 2771 2
1195 2748 1258 2772 nec
1277 2739 1397 2782 prius,
1423 2748 1530 2781 quam
1547 2715 1668 2780 'recipi’
1687 2739 1764 2771 tuto

1025 2786 1130 2830 signa
1172 2795 1246 2818 non
1288 2787 1475 2829 poterant,
1525 2784 1765 2817 imminentem

1027 2832 1140 2876 capiti
1166 2832 1295 2866 bostem
1320 2831 1426 2872 viclit3
1454 2829 1545 2874 Kap.
1567 2831 1762 2872 48,1.1n

1028 2879 1091 2913 der
1116 2878 1231 2922 Regel
1257 2878 1353 2923 folgt
1384 2877 1444 2912 bei
1469 2875 1564 2921 Liv„
1602 2877 1671 2911 wie
1704 2876 1765 2911 bei
