1882 3163
180 117 237 157 42
644 117 789 151 LIBER
816 116 949 151 1111111.
1002 116 1104 152 οΑΡ.
1133 121 1188 153 20.
1217 122 1273 152 21.
1591 129 1746 156 111538.

179 226 259 267 bus
291 225 460 279 imperii
493 225 654 266 viribus
687 225 815 266 fateri
854 225 1009 279 coacti,
1053 225 1164 266 nihil
1208 226 1294 267 iam
1333 225 1581 280 longinquis
1620 228 1745 269 sociis

179 285 224 326 in
256 299 299 325 se
332 283 538 338 praesidii
571 298 674 337 esse,
705 283 842 325 redire
870 283 1043 326 domum
1069 284 1236 339 fideque
1265 284 1316 325 ad
1343 285 1545 326 ultimum
1573 286 1745 340 expleta

179 344 398 385 consulere
431 343 603 384 sibimet
634 343 752 397 ipsos
785 343 829 384 in
860 343 1068 398 reliquom
1094 357 1173 396 pro
1204 344 1422 397 praesenti
1454 343 1630 385 fortuna
1660 345 1745 386 ius-

137 414 155 444 7
178 404 337 444 serunt.
387 402 492 443 haec
524 404 753 456 postquam
784 403 1029 444 renuntiata
1060 402 1220 457 legatio
1250 402 1452 444 Petelinis
1485 406 1562 457 est,
1593 405 1742 445 tantus

175 464 349 515 repente
382 475 550 502 maeror
581 475 797 515 pavorque
829 464 1025 503 senatum
1059 476 1205 502 eorum
1246 461 1374 515 cepit,
1418 463 1466 502 ut
1510 476 1609 516 pars
1646 477 1744 516 pro-

176 520 382 575 fugiendi,
403 534 484 575 qua
505 521 683 575 quisque
703 522 861 574 posset,
883 535 931 561 ac
952 520 1206 562 deserendae
1226 521 1344 561 urbis
1366 522 1562 562 auctores
1583 523 1742 575 essent,

136 590 156 622 8
176 594 290 633 parS,
322 579 491 634 quando
526 579 685 620 deserti
718 594 742 620 a
773 579 988 620 veteribus
1033 579 1159 620 sociis
1200 582 1359 632 essent,
1404 579 1665 634 adiungendi
1699 594 1743 621 se

135 650 154 679 9
177 638 328 679 ceteris
360 637 542 679 Bruttiis
577 653 625 679 ac
658 652 734 692 per
765 652 836 679 eos
871 638 1052 679 dedendi
1079 637 1326 679 Hannibali.
1377 638 1482 679 vicit
1512 641 1659 679 tamen
1692 653 1742 680 ea

174 711 293 751 pars,
326 711 434 752 quae
465 697 574 738 nihil
606 697 766 751 raptim
798 711 875 738 nec
907 700 1067 738 temere
1100 697 1312 752 agendum
1347 697 1741 752 consulendumque

118 768 161 799 10
177 756 228 798 de
265 757 433 811 integro
473 756 649 797 censuit.
698 756 834 796 relata
872 758 1045 809 postero
1084 756 1150 796 die
1189 770 1265 809 per
1302 756 1511 797 minorem
1556 756 1743 811 trepida-

173 815 335 856 tionem
367 829 412 856 re
444 817 675 856 tenuerunt
708 815 950 869 optimates,
983 818 1031 856 ut
1062 815 1276 856 convectis
1310 815 1509 856 omnibus
1543 829 1593 856 ex
1621 815 1737 869 agris

174 874 323 915 urbem
358 888 406 915 ac
437 889 581 915 muros
613 874 847 914 firmarent.

104 935 159 976 21
294 932 376 974 Per
406 932 518 974 idem
550 933 638 974 fere
670 935 841 986 tempus
873 932 1041 973 litterae
1082 946 1132 972 ex
1165 930 1310 973 Sicilia
1342 930 1624 986 Sardiniaque
1657 932 1743 973 Ro-

134 1004 154 1034 2
176 1006 291 1033 mam
318 991 497 1033 adlatae.
538 992 702 1046 priores
725 1005 774 1032 ex
797 990 944 1032 Sicilia
965 990 1011 1031 T.
1035 990 1191 1031 Otacili
1211 992 1504 1045 propraetoris
1525 991 1569 1031 in
1591 994 1741 1032 senatu

174 1051 376 1092 recitatae
404 1054 520 1091 sunt:
553 1050 598 1091 P.
625 1049 801 1090 Furium
828 1052 1070 1103 praetorem
1100 1064 1196 1090 cum
1222 1049 1356 1091 classe
1385 1064 1434 1091 ex
1455 1050 1603 1090 Africa
1623 1049 1739 1104 Lily-

173 1109 328 1150 baeum
367 1109 550 1163 venisse,
596 1109 737 1163 ipsum
776 1108 966 1163 graviter
1004 1109 1194 1149 saucium
1232 1109 1275 1149 in
1315 1108 1556 1149 discrimine
1589 1109 1739 1149 ultimo

173 1168 287 1209 vitae
321 1182 432 1222 esse;
474 1168 610 1209 milite
643 1183 691 1209 ac
723 1167 950 1209 navalibus
986 1167 1111 1209 sociis
1144 1181 1280 1222 neque
1314 1167 1574 1221 stipendium
1605 1181 1741 1221 neque

131 1240 151 1271 3
173 1226 434 1268 frumentum
468 1227 520 1268 ad
555 1227 666 1268 diem
699 1226 802 1279 dari,
834 1241 986 1281 neque,
1017 1226 1128 1267 unde
1162 1226 1302 1279 detur,
1336 1240 1446 1281 esse3
1478 1239 1738 1280 magnopere

174 1286 363 1338 suadere,
395 1289 443 1327 ut
475 1301 603 1340 quam
629 1286 815 1340 primum
844 1300 893 1327 ea
920 1285 1148 1326 mittantur
1175 1285 1351 1340 sibique,
1385 1286 1421 1326 si
1447 1285 1508 1326 ita
1534 1285 1740 1339 videatur,

131 1356 153 1387 4
174 1359 223 1386 ex
254 1346 375 1386 novis
408 1345 680 1400 praetoribus
715 1359 1003 1386 successorem
1029 1344 1218 1385 mittant.
1269 1344 1500 1398 eademque
1526 1344 1660 1385 ferme
1686 1344 1737 1385 de

991 1473 1129 1515 tinuit).
1147 1492 1190 1496 —
1204 1472 1326 1506 urbem
1353 1482 1394 1506 ac
1419 1472 1528 1518 mma]
1553 1489 1596 1500 =
1618 1482 1739 1507 muros

991 1520 1103 1554 urbis.

1040 1577 1145 1622 Kap.
1161 1580 1313 1611 21-25.
1336 1578 1674 1622 Anordnungen
1693 1577 1737 1612 in

171 1472 378 1507 Einnahme
411 1483 484 1507 von
509 1472 651 1507 Petelia
682 1473 778 1506 noch
809 1474 919 1506 unter

172 1519 243 1553 den
260 1519 498 1563 Ereignissen
519 1530 592 1554 von
613 1523 680 1554 216
702 1519 935 1564 ausgeffihrt

171 1566 264 1600 wird
298 1567 404 1611 (Kap.
433 1571 496 1609 30,
527 1569 578 1609 1),
612 1567 788 1601 wahrend
822 1567 917 1601 doch

172 1613 231 1647 die
252 1614 487 1658 Belagerung
514 1613 568 1648 elf
588 1614 738 1648 Monate
765 1613 916 1648 dauerte

175 1660 267 1705 (Pol.
298 1665 328 1703 7,
358 1665 387 1703 1,
415 1661 462 1705 3).

220 1709 261 1742 in
298 1708 416 1753 reliq]
464 1707 748 1742 substantiviert
792 1709 835 1741 st.
875 1708 916 1742 in

172 1756 270 1799 reliq.
299 1758 454 1799 tempus,
486 1755 544 1788 fiir
577 1755 637 1788 die
670 1754 844 1790 Zukunft.
875 1775 915 1779 —

168 1813 239 1847 pro
264 1813 384 1846 praee.
411 1802 511 1847 fort]
547 1801 819 1846 entsprechend
846 1802 917 1836 den

173 1849 433 1885 obwaltenden
458 1848 702 1883 Umst'anden.

220 1901 250 1932 7.
275 1897 419 1941 leyatio]
441 1895 727 1940 Bescheid(vgl.
742 1895 834 1940 Kap.
849 1900 881 1939 6,
897 1900 916 1930 3

171 1945 226 1978 ita
263 1945 479 1978 ienuntiaiit
517 1944 752 1988 Ieyationem).
787 1964 831 1968 —
864 1954 916 1977 re-

167 1991 290 2037 pente]
329 1991 414 2025 weil
455 1990 508 2024 sie
547 1991 625 2025 sich
664 1990 844 2034 plotzlich
879 1990 917 2024 in

172 2038 271 2073 ihrer
296 2038 486 2082 Hoffnung
515 2036 582 2071 auf
609 2042 700 2072 rom.
728 2036 829 2071 Hilfe
856 2048 917 2081 ge—

172 2085 322 2119 tauscht
347 2066 536 2119 851118110-
559 2084 653 2129 ae],
658 2084 744 2127 ,und
764 2084 915 2126 somit“;

171 2132 327 2166 beachte
363 2132 428 2165 das
462 2131 494 2164 H
497 2132 836 2175 3⁷·steionproteron.
872 2151 915 2155 —

172 2179 280 2213 deser.
307 2178 424 2222 urbis]
453 2178 521 2212 Die
544 2178 571 2211 F
576 2188 701 2220 rauen,
730 2177 854 2212 Greise
880 2190 914 2211 u.

171 2224 311 2259 Kinder
343 2225 493 2259 wurden
527 2235 592 2258 aus
625 2225 690 2257 der
717 2224 826 2258 Stadt
854 2235 915 2268 ge—

172 2272 333 2315 schickt,
378 2271 497 2305 damit
543 2271 602 2305 die
646 2271 916 2305 Lebensmittel

170 2319 302 2363 langer
340 2318 558 2352 ausreichen
590 2318 742 2352 wurden
773 2317 912 2362 (Front.

171 2369 203 2410 4,
226 2370 257 2409 5,
281 2369 339 2407 183
368 2365 449 2400 Val.
471 2364 566 2398 Max.
589 2369 621 2406 6,
643 2369 675 2407 6,
702 2363 783 2399 Ext.
805 2365 851 2408 2).

217 2416 249 2447 8.
276 2414 427 2456 adimus.
454 2423 489 2446 se
515 2415 576 2447 eei.
605 2411 689 2457 Bon]
718 2412 786 2445 wie
813 2411 913 2446 diese

171 2470 208 2494 es
234 2461 329 2494 nach
357 2463 375 2500 ξ
397 2463 418 2493 4
446 2459 682 2502 verlangten,
709 2460 817 2492 unter
843 2459 914 2493 den

169 2507 435 2551 vorliegenden
455 2506 739 2541 Verhastnissen
763 2505 828 2539 der
853 2518 912 2540 zu-

167 2554 301 2588 nachst
325 2553 498 2597 liegende
526 2552 714 2588 Gedanke.

216 2605 247 2634 9.
271 2621 313 2625 -—
329 2601 412 2646 que]
428 2601 520 2635 statt
533 2601 605 2642 sed,
619 2600 688 2634 wie
703 2599 794 2644 Kap.
810 2603 841 2644 7,
857 2603 912 2635 11.

170 2668 211 2672 —
239 2648 395 2693 censuit]
428 2647 502 2682 Das
528 2646 623 2682 Pers.
652 2646 700 2681 ist
725 2658 799 2681 von
829 2647 913 2681 dem

169 2694 228 2728 fiir
265 2694 376 2729 heute
415 2694 600 2739 gefassten
636 2693 831 2728 Beschluss
869 2705 914 2727 zu

171 2742 377 2777 verstehen.

217 2792 270 2822 10.
283 2788 490 2833 tenuerunt]
506 2805 547 2816 =
561 2788 809 2830 obtinuerunt,
822 2789 911 2822 setz-

169 2834 233 2867 ten
272 2835 387 2869 durch
420 2836 507 2879 (vgl.
542 2835 635 2880 Kap.
666 2839 726 2876 12,
753 2839 772 2868 2
811 2836 913 2877 fama

169 2881 284 2915 tenuit
321 2882 395 2915 und
433 2886 490 2923 21,
523 2885 586 2925 46,
622 2885 664 2915 10
708 2883 810 2924 fama
854 2882 911 2916 ob-

991 1625 1097 1659 Rom
1121 1637 1154 1660 u.
1177 1623 1454 1669 Niederlage
1481 1625 1555 1659 des
1578 1625 1737 1659 Postu-

991 1671 1108 1706 mius
1134 1672 1180 1706 in
1207 1671 1401 1706 Gallien.

1038 1741 1101 1776 21.
1150 1746 1178 1775 1.
1219 1742 1373 1787 litterae]
1413 1741 1497 1787 Vgl.
1525 1741 1606 1777 Val.
1639 1741 1735 1778 Max,

993 1793 1024 1832 7,
1046 1793 1077 1831 6,
1101 1793 1130 1823 1.
1156 1809 1196 1813 ——-
1223 1800 1266 1823 ex
1287 1789 1434 1834 Sicilia]
1462 1788 1531 1823 wie
1552 1792 1571 1831 ξ
1586 1793 1605 1823 2
1627 1787 1737 1833 zeigt,

990 1836 1061 1871 mit
1086 1836 1227 1870 litterae
1254 1848 1298 1870 zu
1324 1836 1536 1870 verbinden.
1563 1856 1607 1861 —
1634 1837 1736 1871 adla-

991 1884 1063 1929 tae]
1091 1883 1288 1917 stehencles
1306 1883 1404 1917 Verb
1424 1883 1484 1917 fiir
1504 1882 1736 1928 eingeliende

993 1930 1194 1965 Schreiben
1227 1931 1299 1975 (22,
1320 1934 1352 1973 3,
1376 1934 1434 1972 13;
1471 1934 1525 1973 11,
1547 1934 1584 1974 6,
1619 1934 1674 1974 56,
1697 1934 1735 1973 13

1038 2028 1069 2058 2.
1095 2024 1252 2069 priores]
1275 2023 1326 2058 im
1341 2024 1549 2059 Deutschen
1567 2023 1733 2066 Adverb3

992 2070 1052 2105 die
1087 2071 1278 2105 Attribute
1315 2071 1463 2105 werden
1500 2082 1574 2105 von
1613 2071 1734 2105 einem

989 2118 1227 2162 zugesetzten
1246 2116 1590 2152 Demonstrativum
1614 2119 1647 2161 (‚,
1652 2117 1733 2151 das-

985 2164 1125 2209 jenige‘
1130 2165 1154 2208 ι>
1181 2165 1371 2209 abhangig
1402 2164 1587 2208 gemacht.
1614 2183 1659 2188 —
1688 2163 1732 2197 P.

990 2211 1169 2256 Fwium]
1185 2210 1233 2244 Er
1248 2212 1352 2245 hatte
1366 2211 1462 2244 nach
1478 2210 1543 2244 der
1555 2210 1734 2245 Schlacht

988 2258 1049 2292 bei
1071 2257 1192 2292 Cann
1178 2270 1198 2291 ι
1221 2269 1290 2292 von
1309 2256 1507 2292 Marcellus
1528 2257 1587 2292 die
1607 2257 1732 2292 Flotte

988 2304 1258 2339 fibernommen
1285 2306 1355 2349 (22,
1377 2308 1432 2347 57,
1454 2306 1507 2349 8);
1535 2304 1636 2339 seine
1663 2304 1732 2338 Ex-

987 2351 1156 2396 pedition
1194 2351 1232 2385 in
1263 2352 1394 2386 Afrika
1429 2351 1520 2386 wird
1557 2351 1732 2396 nirgends

988 2399 1164 2433 erw‘ahnt.

1035 2461 1067 2493 3.
1100 2468 1144 2492 ex
1175 2468 1254 2492 nov.
1279 2457 1412 2502 praet]
1447 2457 1518 2492 den
1550 2457 1730 2492 Pr'atoren

988 2515 1061 2539 von
1087 2508 1155 2539 215
1188 2505 1278 2549 (vgl.
1305 2505 1396 2549 Kap.
1424 2508 1480 2547 30,
1509 2505 1586 2547 18),
1617 2503 1731 2538 deren

987 2552 1102 2585 Wahl
1132 2552 1228 2586 nahe
1255 2551 1496 2594 bevorstand;
1529 2550 1643 2584 sehon
1671 2550 1730 2584 fiir

986 2603 1055 2633 216
1093 2609 1170 2633 war
1208 2598 1405 2633 Marcellus
1442 2598 1539 2633 nach
1578 2596 1729 2632 Sicilien

986 2646 1180 2680 bestimmt
1217 2656 1387 2689 gewesen
1426 2648 1496 2691 (22,
1523 2646 1578 2687 35,
1606 2645 1652 2688 6).
1683 2664 1727 2668 —

986 2693 1147 2738 mittant]
1191 2692 1279 2736 Subj
1285 2692 1365 2726 ekt:
1407 2692 1467 2726 die
1506 2690 1728 2734 Senatoren3

987 2739 1156 2784 dagegen
1176 2751 1262 2774 vom
1265 2704 1374 2774 ι180111
1399 2751 1432 2772 11.
1456 2737 1628 2773 Getreide
1648 2738 1728 2772 mit-

986 2790 1124 2829 tantm,
1156 2787 1242 2821 weil
1274 2787 1326 2820 sie
1357 2785 1458 2820 wohl
1490 2785 1556 2819 auf
1584 2785 1727 2819 Anord-

985 2845 1089 2878 nung
1122 2834 1185 2867 des
1219 2834 1367 2875 SenatS,
1399 2832 1488 2866 aber
1519 2831 1624 2866 nicht
1655 2837 1727 2866 von

986 2880 1065 2914 ihm
1092 2879 1208 2915 selbst
1231 2879 1424 2925 geschickt
1449 2878 1612 2913 wurden.
