1882 3163
146 1347 188 1376 13
205 1347 335 1388 guam
357 1334 486 1374 etiam
514 1336 794 1374 verterentur.

196 106 222 146 8
720 103 865 138 LIBER
890 104 1039 140 XXIIII.
1076 105 1178 140 CAP.
1205 109 1237 140 3.

1543 124 1567 141 a.
1594 124 1624 142 u.
1651 124 1674 142 e.
1701 119 1764 144 539,

198 213 453 254 remeabant
486 212 539 253 ad
572 212 759 266 stabula,
797 227 1031 267 numquam
1064 213 1232 254 insidiis
1265 213 1464 267 ferarum,
1495 229 1586 256 non
1617 214 1763 257 fraude

151 284 171 313 6
201 272 351 313 violati
381 272 618 313 hominum.
662 272 810 326 magni
841 272 974 326 igitur
1004 272 1166 313 fructus
1200 287 1251 314 ex
1282 288 1332 314 eo
1363 288 1515 327 pecore
1542 275 1665 328 capti,
1694 287 1761 314 co-

199 332 430 385 lumnaque
462 330 559 371 inde
592 345 721 371 aurea
755 331 891 372 solida
922 331 1036 372 facta
1069 333 1111 371 et
1149 333 1318 372 sacrata
1357 334 1439 384 est3
1484 333 1762 385 inclitumque

153 402 170 432 7
200 390 409 444 templum
443 389 602 431 divitiis
637 390 785 443 etiam,
825 404 915 430 non
951 392 1120 431 tantum
1159 391 1388 431 sanctitate
1420 391 1516 433 fuit.
1558 405 1606 432 ac
1638 391 1764 431 mira-

201 449 297 490 cula
330 449 475 502 aliqua
508 448 742 503 adfingunt,
774 451 822 490 ut
853 449 1101 503 plerumque
1127 451 1216 489 tam
1236 449 1480 504 insignibus
1500 449 1616 491 locis.
1647 449 1765 490 fama

203 510 267 549 est
299 523 417 548 aram
451 522 543 549 esse
575 508 621 548 in
653 508 864 549 vestibulo
895 508 1065 562 templi,
1107 508 1224 549 cuius
1270 508 1455 549 cinerem
1489 509 1634 549 nullus
1672 520 1764 549 um-

152 578 172 608 8
201 581 329 621 quam
361 570 533 608 moveat
563 569 727 608 ventus.
773 567 844 608 sed
885 582 958 608 arx
991 566 1207 617 Crotonis,
1251 582 1336 608 una
1372 569 1493 621 parte
1532 567 1764 609 imminens

199 626 322 676 mari,
356 626 490 667 altera
521 629 724 680 vergente
756 626 802 666 in
835 640 998 681 agrum,
1030 626 1116 667 situ
1141 627 1310 667 tantum
1336 627 1521 667 naturali
1549 627 1764 681 quondam

200 685 379 738 munita,
410 687 562 739 postea
595 687 636 725 et
666 700 787 726 muro
822 686 962 726 cincta
995 688 1076 739 est,
1117 700 1200 740 qua
1238 699 1312 739 per
1345 700 1516 726 aversas
1548 700 1676 739 rupes
1709 686 1764 726 ab

153 756 172 786 9
200 743 412 798 Dionysio
447 743 617 786 Siciliae
649 746 833 798 tyranno
866 759 942 798 per
975 744 1118 785 dolum
1147 743 1288 786 fuerat
1315 747 1451 798 capta.
1490 759 1540 785 ea
1558 747 1648 785 tum
1669 759 1765 785 arce

203 803 322 856 satis,
355 806 402 843 ut
440 803 683 856 videbatur,
721 806 814 843 tuta
848 802 1145 844 Crotoniatum
1185 803 1415 857 optimates
1458 803 1664 844 tenebant
1708 818 1771 856 se,

143 874 186 904 10
202 861 537 903 circumsedente
583 876 676 902 cum
716 861 898 902 Bruttiis
946 876 1016 903 eos
1063 862 1193 902 etiam
1231 862 1354 916 plebe
1401 877 1488 904 sua.

1546 865 1764 916 postremo

204 920 374 973 Bruttii,
407 936 503 962 cum
536 921 625 961 suis
659 920 822 961 viribus
855 921 1236 975 inexpugnabilem
1275 920 1470 962 viderent
1501 936 1659 975 arcem,
1699 936 1767 963 co-

144 992 186 1021 11
205 980 290 1021 acti
321 980 577 1020 necessitate
609 979 838 1020 Hannonis
873 980 1077 1020 auxilium
1104 979 1335 1033 inplorant.
1379 980 1415 1020 is
1443 980 1767 1022 condicionibus

209 1039 272 1080 leis
297 1038 350 1079 ad
377 1039 638 1079 deditionem
667 1039 920 1092 compellere
943 1036 1215 1079 Crotoniates
1244 1040 1441 1090 conatus,
1473 1041 1521 1079 ut
1555 1039 1767 1080 coloniam

202 1097 473 1138 Bruttiorum
508 1112 556 1138 eo
587 1097 735 1138 deduci
763 1098 1068 1152 antiquamque
1089 1097 1375 1151 frequentiam
1395 1097 1582 1151 recipere
1602 1101 1769 1139 vastam

203 1170 252 1197 ac
285 1156 497 1197 desertam
530 1156 653 1197 bellis
686 1156 834 1197 urbem
862 1158 1120 1210 paterentur,
1154 1157 1346 1197 omnium
1365 1156 1580 1197 neminem
1600 1159 1772 1211 praeter

145 1228 188 1258 12
203 1215 554 1256 Aristomachum
595 1215 742 1257 movit.
793 1216 1025 1257 morituros
1065 1230 1108 1256 se
1148 1215 1435 1256 adfirmabant
1477 1215 1600 1257 citius
1641 1231 1770 1270 quam

202 1274 377 1315 inmixti
408 1273 592 1315 Bruttiis
624 1275 669 1315 in
703 1274 865 1316 alienos
897 1275 1006 1315 ritus
1044 1289 1184 1315 mores
1222 1275 1423 1329 legesque
1466 1289 1513 1315 ac
1551 1289 1651 1316 mox
1688 1275 1768 1316 1111-

850 1333 1180 1375 Aristomachus
1213 1348 1333 1387 unus,
1367 1333 1535 1387 quando
1569 1348 1647 1375 nec
1674 1349 1772 1375 sua-

205 1392 342 1433 dendo
377 1393 429 1433 ad
457 1392 715 1434 deditionem
745 1393 850 1434 satis
872 1392 1056 1446 valebat,
1088 1407 1178 1446 nec,
1212 1392 1322 1433 sicut
1341 1392 1490 1433 urbem
1510 1393 1770 1446 prodiderat,

204 1452 347 1493 locum
385 1452 626 1504 prodendae
672 1452 780 1493 arcis
818 1452 1085 1505 inveniebat,
1128 1451 1365 1506 transfugit
1409 1451 1462 1491 ad
1499 1450 1770 1494 Hannonem.

147 1524 190 1554 14
205 1510 438 1551 Locrenses
482 1511 602 1551 brevi
640 1514 740 1563 post
777 1511 928 1565 legati,
973 1525 1069 1551 011111
1110 1511 1319 1564 permissu
1356 1509 1585 1551 Hannonis
1631 1521 1772 1553 arcem

204 1569 451 1622 intrassent,
484 1570 752 1623 persuadent,
785 1573 832 1610 ut
864 1569 1031 1610 traduci
1065 1584 1108 1610 se
1142 1568 1300 1610 Locros
1332 1571 1583 1622 paterentur
1606 1585 1685 1612 1100
1706 1571 1770 1612 111-

149 1642 190 1671 15
206 1628 313 1669 tima
346 1629 525 1682 experiri
556 1628 727 1669 vellent.
759 1628 844 1669 iam
877 1629 958 1669 hoc
990 1630 1038 1669 ut
1064 1628 1147 1669 sibi
1172 1628 1330 1681 liceret,
1362 1628 1696 1681 impetraverant
1715 1631 1771 1671 ab

205 1686 451 1727 Hannibale
483 1687 627 1728 missis
666 1687 718 1728 ad
756 1687 800 1727 id
835 1688 980 1741 ipsum
1015 1687 1183 1741 legatis.
1232 1686 1294 1727 ita
1333 1684 1517 1727 Crotone
1551 1702 1770 1730 excessum

207 1749 283 1796 est,
315 1746 568 1800 deductique
597 1745 874 1787 Crotoniatae
901 1746 954 1788 ad
978 1760 1094 1787 mare
1114 1760 1245 1786 naves
1267 1745 1569 1787 conscendunt.
1609 1747 1773 1789 Locros

255 1890 286 1920 6.
297 1885 432 1931 solida]
446 1884 592 1920 Coelius
602 1886 812 1929 Antipater,
824 1885 884 1920 ein
895 1890 951 1920 ro-

207 1932 368 1967 mischer
387 1932 777 1967 Geschichtschreiber
803 1944 868 1967 aus
889 1933 952 1967 der

208 1979 362 2014 zweiten
377 1979 505 2014 Halfte
531 1981 595 2014 des
616 1984 647 2015 2.
670 1980 797 2014 Jahrh.
820 1993 853 2014 v.
870 1979 951 2014 Chr.

206 2027 430 2070 berichtete‚
468 2027 656 2061 Hannibal
693 2027 790 2061 habe
829 2029 954 2071 spater

208 2074 432 2118 gezweifest,
467 2074 549 2108 dass
576 2074 636 2108 die
663 2074 774 2108 Saule
800 2074 953 2109 massiv-

209 2121 345 2165 golden
371 2120 434 2163 sei,
461 2121 536 2154 und
562 2121 612 2155 sie
639 2121 795 2155 desha-lb
822 2121 952 2154 durch—

210 2167 349 2202 bohren
375 2168 497 2201 lasseu
522 2168 596 2201 und
623 2167 702 2201 sich
728 2179 767 2202 so
794 2179 867 2202 von
891 2168 954 2202 der

209 2214 443 2259 Richtigkeit
468 2214 680 2258 fiberzeugt.

259 2265 290 2296 7.
328 2261 404 2306 sed]
432 2260 666 2295 abbrechend
687 2278 730 2290 =
753 2261 891 2295 ‘doch'.

260 2311 292 2343 8.
319 2320 397 2342 una
407 2312 513 2352 parte
528 2309 729 2349 imminens,
745 2309 859 2342 altera
878 2319 953 2342 ver-

210 2355 327 2401 yente]
368 2367 411 2389 zu
449 2355 631 2389 beachten
663 2355 762 2389 diese
800 2355 874 2397 (bei
912 2355 950 2389 L.

211 2402 373 2447 haufige)
400 2402 673 2446 Abwechslung
706 2403 744 2436 111
771 2402 834 2436 der
862 2401 954 2436 Con-

212 2449 391 2484 struction
417 2449 482 2483 der
507 2449 726 2493 Participia3
762 2449 835 2493 vgl.
864 2452 896 2491 2,
923 2453 954 2483 9.

261 2497 417 2539 aversas]
446 2496 515 2530 wie
536 2507 605 2540 per
628 2497 748 2531 dolum
769 2496 956 2539 andeutet‚

212 2544 263 2578 ist
289 2543 348 2577 die
369 2543 487 2577 seiner
507 2543 757 2588 eigentlichen
777 2542 956 2585 Angriffs-

214 2590 322 2625 stelle
362 2591 708 2634 entgegengesetzte
753 2590 851 2624 Seite
896 2600 956 2633 ge-

213 2637 346 2679 meiut,
379 2638 458 2672 also
483 2637 674 2671 vielleicht
699 2637 758 2671 die
785 2636 956 2679 Seeseite,

216 2695 287 2718 von
319 2695 376 2718 wo
410 2684 474 2718 der
499 2684 599 2728 Burg
629 2695 674 2718 an
708 2684 785 2718 sich
817 2684 958 2717 schwer

213 2731 497 2765 beizukommen
511 2742 597 2774 war,
619 2731 693 2764 und
715 2731 772 2765 die
792 2730 829 2764 111
844 2730 958 2774 Folge

216 2778 345 2811 dessen
372 2778 577 2822 moglicher
602 2778 727 2812 VVeise
753 2788 847 2822 ganz
880 2788 958 2811 ver-

216 2824 445 2868 nachli'tssigt
468 2825 604 2858 wurde.

264 2874 295 2904 9.
334 2880 415 2915 sua]
451 2872 516 2905 auf
544 2872 609 2906 das
642 2871 776 2916 Object
807 2882 862 2905 eos
899 2871 959 2905 be-

1026 1896 1158 1929 zogen⁷
1202 1884 1271 1919 wie
1304 1888 1366 1927 22,
1407 1888 1449 1918 15
1491 1883 1566 1918 ‘die
1605 1882 1773 1928 eigene’;

1025 1933 1100 1976 vgl.
1127 1936 1183 1973 30,
1211 1936 1242 1966 7.
1475 1928 1484 1939 '

1075 1983 1129 2012 12.
1149 1980 1257 2013 eitius
1271 1990 1378 2023 qnam
1387 1999 1430 2002 —
1439 1977 1676 2022 verterentur]
1689 1977 1771 2011 eine

1026 2026 1088 2061 bei
1126 2026 1165 2061 L.
1207 2026 1312 2060 nicht
1349 2026 1504 2067 seltene,
1543 2025 1613 2059 mit
1648 2025 1771 2068 potius

1027 2085 1135 2117 quam
1178 2073 1301 2117 gleich
1341 2072 1583 2107 construierte
1616 2071 1772 2106 Verbin-

1027 2121 1143 2164 dung3
1183 2120 1279 2154 denn
1312 2119 1445 2154 ebenso
1477 2119 1547 2153 wie
1580 2119 1679 2153 diese
1705 2119 1772 2152 hat

1027 2168 1122 2201 auch
1155 2168 1263 2200 citius
1294 2166 1345 2200 im
1372 2165 1772 2210 Vergleiohungssatze

1026 2213 1205 2247 zuweilen
1230 2225 1337 2257 quam
1362 2217 1409 2247 ut
1434 2213 1529 2247 nach
1555 2213 1643 2247 sich.

1072 2260 1308 2305 verterentur]
1331 2260 1477 2294 medial.
1518 2260 1606 2293 Zum
1627 2259 1771 2294 (310111111-

1025 2307 1098 2341 ken
1130 2307 1195 2341 des
1222 2307 1348 2341 Satzes
1380 2307 1454 2351 vgl.
1481 2306 1546 2348 28,
1577 2310 1635 2350 12,
1662 2311 1682 2340 3
1715 2317 1774 2340 wo

1027 2353 1234 2388 Hannibals
1275 2354 1372 2388 Heer
1397 2354 1478 2388 eine
1504 2354 1669 2388 conluvio
1700 2364 1771 2387 om-

1028 2402 1131 2435 mum
1149 2402 1309 2445 {lentium
1327 2402 1492 2446 genannt
1513 2400 1615 2443 wird,
1642 2400 1774 2444 quibus

1028 2459 1101 2482 non
1128 2449 1195 2489 Zeae,
1221 2459 1295 2482 non
1319 2459 1410 2490 mos,
1435 2458 1510 2482 non
1529 2448 1658 2492 linqua
1683 2457 1772 2481 com-

1028 2496 1160 2537 munis,
1181 2496 1278 2530 alius
1293 2495 1450 2537 habitu&
1470 2495 1547 2529 alia
1559 2495 1676 2536 vest-is,
1694 2495 1772 2528 alia

1030 2553 1150 2584 arma,
1188 2543 1256 2576 alii
1289 2543 1404 2584 ritus,
1443 2542 1519 2576 alia
1549 2552 1672 2582 sacra,
1704 2541 1773 2574 alii

1024 2599 1140 2633 prope
1165 2590 1223 2624 ἀεὶ
1248 2592 1369 2623 essent.

1079 2640 1134 2670 13.
1155 2637 1271 2670 valere
1285 2636 1348 2680 ad]
1362 2635 1533 2669 ‘Einfiuss
1544 2634 1665 2669 haben
1680 2634 1770 2670 auf'.

1077 2683 1185 2727 sicut]
1214 2684 1307 2717 ohne
1333 2684 1387 2717 ita
1408 2682 1460 2716 im
1478 2681 1693 2726 Folgenden
1713 2681 1774 2715 bei

1031 2729 1071 2763 L.
1098 2730 1240 2775 h'aufig3
1268 2741 1293 2763 s.
1323 2733 1378 2773 33,
1405 2733 1436 2764 9.

1081 2780 1134 2812 14.
1173 2787 1237 2811 nec
1257 2793 1301 2805 =
1321 2780 1354 2811 et
1377 2776 1436 2821 ne]
1457 2775 1518 2810 bei
1531 2775 1570 2809 L.
1596 2775 1699 2809 ffihrt
1718 2786 1773 2809 so-

1035 2835 1102 2867 gar
1133 2824 1193 2858 bei
1222 2833 1597 2867 vorangegangenem
1632 2833 1677 2856 ne
1708 2822 1774 2856 das

1032 2881 1143 2914 neque
1169 2870 1274 2904 einen
1301 2869 1551 2904 Absichtssatz
1577 2869 1662 2904 fort.
