1882 3163
135 99 160 118 a.
180 91 231 120 Ch.
258 92 319 118 216.

624 82 769 118 LIBER
795 83 908 119 XXII.
954 83 1058 119 CAP.
1085 87 1142 119 52.
1169 87 1226 121 53.
1647 84 1701 126 79

135 193 183 232 ut
216 205 264 232 eo
304 191 445 246 pretio
485 191 704 245 persoluto
749 205 842 232 cum
889 191 1072 247 singulis
1118 192 1286 234 abirent
1323 193 1610 248 vestimentis,
1654 193 1701 235 in

136 253 281 292 castra
313 250 452 292 hostis
486 252 760 304 acceperunt,
792 250 1027 305 traditique
1059 251 1104 292 in
1137 251 1373 293 custodiam
1410 266 1559 293 omnes
1587 256 1699 307 sunt,

136 323 330 350 seorsum
362 310 475 351 cives
509 309 711 364 sociique.

773 308 874 350 dum
906 309 967 350 ibi
999 312 1169 364 tempus
1202 311 1375 365 teritur,
1407 311 1571 352 interea
1603 326 1700 353 cum

135 382 185 409 ex
225 368 459 410 maioribus
500 368 671 421 castris,
713 368 868 422 quibus
907 368 1012 409 satis
1050 369 1204 409 virium
1244 372 1286 410 et
1326 370 1457 411 animi
1496 370 1600 425 fuit,
1647 371 1701 412 ad

135 429 339 481 quattuor
371 427 490 468 milia
522 426 745 468 hominum
780 429 824 467 et
855 426 1027 468 ducenti
1060 428 1245 482 equites,
1291 429 1365 469 alii
1398 430 1587 484 agmine,
1627 430 1701 472 alii

134 486 271 539 palati
302 486 464 540 passim
496 500 572 539 per
605 499 751 540 agros,
786 486 898 541 quod
930 486 1046 527 haud
1078 486 1219 528 minus
1244 490 1386 528 tutum
1414 492 1526 542 erat,
1559 487 1700 530 Canu-

133 545 243 586 sium
287 544 596 599 perfugissent,
641 548 783 586 castra
826 545 922 599 ipsa
960 545 1013 586 ab
1060 545 1213 587 sauciis
1252 546 1502 601 timidisque
1550 547 1699 589 eadem

132 604 379 645 condicione
412 618 494 657 qua
529 604 666 645 altera
697 604 857 645 tradita
890 604 1019 645 hosti.

1080 605 1240 659 praeda
1273 605 1427 660 ingens
1463 609 1590 660 parta
1622 610 1699 662 est,

131 666 173 704 et
198 665 369 716 praeter
394 676 527 717 equos
555 663 755 718 virosque
782 666 825 704 et
852 663 889 704 si
916 663 1016 718 quid
1044 664 1214 718 argenti
1244 689 1292 693 —
1324 664 1437 718 quod
1464 665 1698 719 plurimum

128 722 175 762 in
207 721 398 775 phaleris
432 736 640 776 equorum
674 724 785 763 erat:
818 737 919 764 nam
947 722 1000 763 ad
1026 722 1283 764 vescendum
1309 722 1425 764 facto
1452 725 1698 779 perexiguo,

127 780 276 835 utique
302 780 562 834 militantes,
594 781 828 822 utebantur
857 805 907 811 -—
938 782 1076 823 omnis
1103 784 1245 823 cetera
1271 783 1431 837 praeda
1458 783 1698 838 diripienda

130 839 232 880 data
263 841 338 881 est.
384 842 478 881 tum
511 840 742 894 sepeliendi
777 855 907 882 causa
939 841 1125 882 conferri
1158 842 1202 882 in
1234 856 1367 882 unum
1394 856 1574 897 corpora
1600 857 1696 884 suo-

129 913 225 939 rum
246 898 383 941 iussit.
426 899 478 940 ad
505 902 601 941 octo
622 899 744 940 milia
761 900 894 941 fuisse
917 899 1115 941 dicuntur
1133 900 1470 943 fortissimorum
1493 902 1697 943 virorum.

128 958 347 999 consulem
381 973 549 1013 quoque
584 957 828 1000 Romanum
862 959 1151 1014 conquisitum
1186 960 1488 1015 sepultumque
1523 961 1698 1016 quidam

128 1020 325 1060 auctores
360 1020 470 1059 sunt.

246 1076 358 1130 Eos,
405 1077 478 1130 qui
517 1075 751 1118 Canusium
797 1076 1095 1132 perfugerant,
1141 1078 1296 1119 mulier
1334 1078 1476 1133 Apula
1521 1079 1695 1120 nomine

127 1134 265 1189 Busa,
304 1149 460 1190 genere
499 1136 615 1177 clara
648 1150 696 1178 ac
736 1136 917 1190 divitiis,
962 1136 1186 1178 moenibus
1219 1139 1390 1179 tantum
1429 1138 1639 1192 tectisque
1672 1153 1697 1179 a

128 1192 361 1236 Canusinis
403 1197 623 1249 acceptos,
666 1195 883 1236 frumento
923 1197 1040 1236 veste
1078 1196 1235 1237 viatico
1274 1196 1404 1237 etiam
1446 1196 1573 1251 iuvit,
1619 1211 1696 1251 pro

126 1268 210 1308 qua
238 1253 275 1294 ei
304 1254 601 1295 munificentia
635 1257 806 1308 postea,
839 1254 952 1296 bello
986 1254 1197 1309 perfecto,
1236 1255 1290 1296 ab
1325 1258 1478 1296 senatu
1511 1256 1698 1297 honores

125 1312 269 1353 habiti
303 1315 414 1353 sunt.
461 1311 661 1354 Ceterum
695 1328 790 1354 cum
816 1313 877 1354 ibi
903 1313 1067 1355 tribuni
1094 1314 1279 1355 militum
1308 1316 1512 1369 quattuor
1539 1318 1693 1369 essent,
1719 1317 1769 1354 53

123 1370 284 1412 Fabius
324 1370 538 1413 Maximus
578 1371 628 1413 de
668 1372 837 1427 legione
876 1373 1032 1427 prima,
1079 1373 1199 1414 cuius
1237 1376 1360 1427 pater
1392 1374 1533 1428 priore
1580 1389 1693 1416 anno
1722 1385 1742 1415 2

124 1430 310 1472 dictator
342 1430 502 1483 fuerat,
537 1434 580 1472 et
613 1431 662 1472 de
695 1431 865 1486 legione
899 1432 1084 1473 secunda
1115 1431 1161 1473 L.
1190 1432 1411 1473 Publicius
1439 1431 1620 1474 Bibulus
1650 1436 1693 1474 et

122 1488 168 1530 P.
202 1488 426 1531 Cornelius
460 1489 602 1544 Scipio
636 1492 681 1531 et
711 1491 761 1532 de
794 1491 963 1545 legione
996 1491 1126 1533 tertia
1154 1493 1234 1545 Ap.
1262 1489 1467 1533 Claudius
1500 1491 1696 1547 Pulcher,

123 1549 195 1603 qui
226 1548 420 1602 proxime
453 1549 602 1590 aedilis
634 1549 784 1603 fuerat,
818 1550 1008 1591 omnium
1042 1564 1254 1592 consensu
1288 1551 1340 1592 ad
1374 1550 1418 1593 P.
1446 1550 1692 1605 Scipionem
1720 1562 1740 1594 3

126 1677 242 1720 yatis,
289 1675 547 1710 Silberdenare
583 1676 653 1710 mit
685 1677 767 1712 dem
804 1676 873 1712 Ge-

121 1727 239 1767 pr'age
255 1723 319 1757 des
337 1722 360 1757 J
364 1723 510 1768 uppiter
524 1723 870 1769 mitViergespann.

122 1790 165 1794 —
194 1781 272 1804 cum
297 1771 389 1815 siny.
423 1774 504 1805 vest.
533 1783 577 1804 zu
611 1782 640 1805 c.
669 1775 707 1814 6,
745 1776 799 1806 11.
828 1793 871 1796 -

121 1817 262 1851 traditi.
307 1816 408 1851 Ganz
437 1817 569 1852 anders
590 1819 733 1852 erz'ahlt
752 1819 871 1862 Polyb

123 1868 156 1906 3,
180 1868 258 1907 117,
279 1863 347 1899 8ff.
376 1864 434 1898 die
464 1868 507 1898 10
522 1869 590 1900 000
612 1865 725 1899 Manu
747 1865 870 1900 starke

121 1911 331 1954 Besatzung
364 1911 427 1945 des
460 1911 598 1955 Lagei-s
639 1912 702 1946 des
734 1913 872 1947 Paulus

121 1958 217 1992 habe
260 1958 435 1992 wiihrend
479 1958 543 1992 der
582 1958 760 1993 Schlacht
805 1960 870 1994 das

122 2005 384 2049 carthagische
398 2005 591 2048 bestfirmt,
607 2007 660 2040 sei
674 2007 763 2040 aber
774 2007 870 2040 nach

122 2052 403 2096 Entscheidung
424 2052 619 2087 derselben
640 2064 711 2088 von
730 2053 869 2088 Hanni-

120 2100 183 2134 bal
210 2100 454 2144 geschlagen,
488 2099 525 2133 in
560 2100 679 2134 ihrem
712 2101 868 2145 eigenen

121 2145 241 2190 Lagei·
261 2146 562 2190 eingeschlossen
579 2147 666 2190 und,
683 2148 868 2193 nachdem

119 2197 211 2229 2000
231 2194 279 2227 im
296 2194 456 2239 Kampfe
471 2194 646 2238 gefallen,
671 2207 733 2229 zur
753 2195 868 2230 Uber-

119 2242 214 2286 gabe
241 2252 466 2286 gezwungen
499 2242 661 2276 worden.
696 2263 738 2267 —
772 2254 866 2277 seor-

117 2298 209 2331 sum,
236 2305 279 2317 =
307 2299 507 2331 sevomum,
534 2289 603 2324 wie
631 2301 801 2334 prorsum
823 2307 866 2319 =

119 2346 337 2380 provorsum
371 2347 405 2369 u.
434 2339 465 2370 a.
506 2336 567 2370 bei
600 2336 867 2372 Neulateinern

119 2382 173 2417 oft
197 2382 396 2417 falschlich
423 2384 586 2418 seorsim.

166 2434 270 2465 4—6.
310 2430 396 2464 (lum
533 2431 689 2473 interea,
729 2444 771 2465 zu
810 2436 866 2475 21,

119 2480 175 2519 29,
206 2482 234 2511 1.
263 2497 304 2501 -
333 2478 487 2520 virium,
516 2477 769 2522 Korperkraft,
798 2479 867 2513 wie

122 2524 186 2558 der
213 2524 420 2568 Gegensatz
447 2525 581 2559 sauciis
617 2525 723 2560 lehrt.
759 2546 802 2550 —
835 2527 868 2560 si

117 2572 206 2616 quid
243 2572 324 2606 hier
362 2572 466 2606 nicht
505 2572 543 2606 in
584 2573 867 2617 verringernder

118 2619 350 2663 Bedeutung‚
378 2619 446 2653 wie
469 2623 524 2661 21,
547 2623 602 2661 37,
628 2623 659 2653 4.
688 2639 732 2644 —
758 2621 866 2662 facto,

117 2665 343 2700 verarbeitet
359 2678 401 2700 zu
417 2666 677 2701 'l'afelscrvice
696 2687 738 2692 —
752 2668 868 2701 omm's

118 2716 248 2755 cetera,
282 2725 351 2747 nur
378 2713 459 2747 hier
485 2714 522 2747 in
549 2714 668 2748 dieser
697 2713 867 2758 Stellung

119 2760 210 2794 statt
236 2763 303 2794 cet.
333 2760 478 2803 omnia,
505 2772 534 2795 c.
563 2764 619 2804 20,
649 2766 679 2796 6.
721 2765 782 2803 24,
810 2765 866 2804 22,

121 2809 183 2849 15,
209 2807 344 2852 analog
370 2808 532 2851 reliqua,
559 2808 632 2842 alia
660 2808 793 2843 omnia.
824 2829 865 2833 —

117 2853 346 2896 diripienda,
374 2854 491 2889 wofu'r
519 2867 603 2890 man
638 2855 725 2889 eher
756 2854 866 2890 militi

948 1679 1138 1721 erwartet,
1166 1678 1214 1712 da
1240 1678 1305 1712 das
1326 1678 1489 1713 Verbum
1508 1679 1633 1714 besser
1653 1691 1698 1713 zu

947 1727 1069 1759 castra
1094 1735 1229 1769 passen
1255 1726 1391 1760 wfi'rde.
1417 1746 1461 1751 --
1487 1727 1694 1770 sepeliendi,

948 1771 1088 1806 sowohl
1127 1783 1199 1807 von
1239 1773 1305 1807 der
1341 1773 1577 1818 Beerdigung
1616 1774 1696 1817 (hu-

946 1820 1080 1862 mare),
1114 1830 1153 1853 so
1185 1819 1237 1853 im
1263 1819 1601 1865 Zwolftafelgesetz
1628 1821 1695 1855 ho-

945 1865 1082 1900 minem
1110 1867 1297 1901 mortuum
1329 1866 1367 1901 in
1401 1868 1490 1901 urbe
1516 1878 1562 1901 ne
1591 1878 1695 1912 sepe-

946 1912 1013 1947 lito
1040 1923 1133 1947 neve
1159 1914 1274 1956 urito,
1308 1914 1362 1948 als
1397 1915 1493 1949 auch
1525 1925 1597 1949 von
1631 1915 1697 1949 der

944 1959 1217 2005 Verbrennung
1244 1961 1434 2004 (cremare,
1463 1961 1695 2005 comburere)

944 2008 1039 2041 nach
1072 2010 1110 2049 8,
1138 2011 1199 2051 24,
1235 2012 1277 2042 16
1315 2009 1503 2052 sepultum
1537 2019 1693 2053 ossaque

943 2054 987 2087 ad
1017 2055 1143 2089 hostes
1168 2054 1331 2090 remissa.
1359 2060 1416 2098 27,
1438 2060 1495 2100 42,
1517 2060 1548 2091 8.
1572 2077 1614 2080 —
1636 2057 1691 2090 di-

943 2103 1090 2145 cuntur,
1117 2102 1223 2136 nicht
1241 2103 1337 2137 nach
1366 2103 1503 2147 Polyb,
1530 2103 1694 2138 welcher

942 2159 1062 2193 gegen
1108 2152 1202 2184 4000
1240 2149 1391 2194 Kelten,
1438 2161 1558 2195 gegen
1603 2154 1694 2185 1500

941 2195 1067 2230 lberer
1098 2197 1176 2230 und
1209 2197 1344 2241 Libyer
1376 2198 1451 2232 und
1490 2201 1586 2232 etwa
1626 2201 1695 2232 200

942 2243 1068 2277 Reiter
1106 2244 1276 2287 angiebt:
1316 2257 1358 2278 zu
1399 2256 1426 2280 c.
1455 2248 1518 2288 49,
1562 2249 1616 2280 18.
1651 2265 1694 2270 —

941 2291 1203 2335 conquisitum,
1252 2292 1425 2326 ahnliche
1478 2293 1576 2336 Ziige
1622 2303 1693 2327 von

941 2337 1128 2372 Hannibal
1167 2350 1196 2373 c.
1234 2342 1272 2381 7,
1306 2343 1336 2373 5.
1377 2343 1439 2382 25,
1470 2343 1530 2383 17,
1557 2344 1589 2373 4.
1635 2344 1692 2382 27,

990 2436 1020 2467 7.
1063 2432 1282 2474 Canusiwn,
1323 2432 1486 2467 romisch
1521 2432 1591 2466 seit
1625 2435 1693 2466 318

941 2490 1007 2513 vor
1035 2478 1116 2513 Chr.
1145 2483 1183 2523 9,
1211 2483 1275 2521 20,
1310 2484 1340 2513 4.
1381 2500 1422 2504 -
1456 2480 1579 2521 Busa,
1618 2480 1692 2523 vgl.

942 2525 1012 2560 den
1034 2527 1100 2560 auf
1118 2526 1238 2560 einem
1260 2526 1385 2560 Steine
1406 2527 1465 2560 bei
1488 2526 1691 2561 Canusium

942 2573 1157 2607 erhaltenen
1185 2573 1380 2607 oskischen
1410 2573 1552 2607 Namen
1588 2574 1692 2608 Busi-

941 2620 1022 2653 dius
1042 2619 1272 2663 (Mommsen,
1294 2631 1391 2665 corp.
1409 2620 1515 2654 inser.
1533 2619 1576 2653 N.
1595 2622 1690 2663 647),

943 2667 1016 2700 und
1045 2667 1114 2701 den
1142 2666 1380 2701 Flussnamen
1410 2668 1581 2701 Busento.

989 2714 1049 2755 53,
1081 2719 1180 2747 1-3,
1216 2715 1258 2747 de
1284 2715 1346 2757 leq.
1370 2715 1512 2758 prima,
1540 2715 1609 2749 wie
1637 2717 1692 2749 oft

942 2761 979 2794 in
1008 2761 1128 2795 dieser
1150 2760 1394 2805 Verbindung
1421 2763 1511 2796 statt
1539 2762 1603 2796 des
1623 2762 1692 2797 Ge—

941 2808 1075 2850 nitivs,
1101 2808 1275 2851 iibrigens
1301 2808 1388 2842 faut
1411 2808 1492 2852 auf,
1519 2808 1598 2843 dass
1620 2821 1691 2844 von

942 2855 1006 2889 der
1027 2859 1057 2888 4.
1081 2855 1136 2889 bis
1159 2858 1189 2889 8.
1212 2854 1350 2900 Legion
1372 2855 1479 2890 keine
1503 2856 1690 2891 Tribunen
