1882 3163
161 103 188 122 a.
210 95 260 122 Ch.
281 96 341 121 216.
688 83 835 118 LIBER
860 83 973 121 XXII.
1025 83 1126 120 CAP.
1153 87 1209 118 61.
1671 83 1727 125 95

157 195 225 237 vel
259 208 309 235 ea
340 209 407 235 res
439 193 596 235 indicio
628 195 702 246 est,
733 193 841 245 quod
868 193 968 245 fides
999 193 1220 246 sociorum,
1262 206 1370 246 quae
1403 191 1457 233 ad
1490 206 1583 233 eam
1616 192 1728 233 diem

158 254 283 296 firma
315 255 514 306 steterat,
557 254 649 293 tum
693 251 838 292 labare
878 252 1036 305 coepit,
1074 251 1194 292 nulla
1236 251 1430 306 profecto
1470 251 1556 292 alia
1587 250 1638 292 de
1669 265 1727 304 re,

159 327 289 368 quam
335 311 447 367 quod
492 311 826 364 desperaverant
875 309 926 351 de
975 310 1170 364 imperio.
1245 310 1434 352 defecere
1486 312 1629 351 autem
1674 309 1727 351 ad

158 371 326 415 Poenos
358 371 404 412 hi
434 369 602 424 populi:
634 368 845 423 Atellani,
879 367 1085 423 Calatini,
1116 367 1307 423 Hirpini,
1338 369 1580 423 Apulorum
1612 383 1727 423 pars,

159 429 375 472 Samnites
406 430 577 483 praeter
607 427 808 482 Pentros,
839 427 1002 469 Bruttii
1034 441 1199 481 omneS,
1230 426 1412 481 Lucani,
1443 431 1614 482 praeter
1645 427 1725 470 hos

158 489 362 532 Uzentini
394 490 436 529 et
468 486 730 528 Graecorum
763 486 904 528 omnis
936 486 1069 528 ferme
1103 500 1196 540 ora,
1228 485 1471 540 Tarentini,
1505 486 1726 542 Metapon-

157 549 257 602 tini,
303 545 608 588 Crotonienses
652 545 880 599 Locrique,
926 547 969 587 et
1006 544 1215 599 Cisalpini
1259 559 1408 586 omnes
1453 545 1580 587 Galli.
1649 560 1727 587 nec

157 610 304 649 tamen
337 619 411 647 eae
445 604 586 646 clades
620 604 963 659 defectionesque
995 605 1207 646 sociorum
1240 607 1484 658 moverunt,
1521 607 1569 645 ut
1606 605 1726 659 pacis

157 679 337 719 usquam
382 664 542 705 mentio
594 663 708 718 apud
752 663 973 705 Romanos
1018 664 1156 717 fieret,
1206 677 1342 717 neque
1394 666 1492 704 ante
1538 663 1727 705 consulis

156 724 340 766 Romam
381 723 631 777 adventum,
669 737 748 764 nec
785 725 1017 778 postquam
1055 722 1091 764 is
1130 722 1259 764 rediit
1295 722 1602 776 renovavitque
1642 736 1727 763 me-

156 783 338 824 moriam
382 784 581 836 acceptae
626 781 778 836 cladis,
828 796 911 836 quo
955 782 1001 822 in
1037 784 1231 836 tempore
1276 781 1371 835 ipso
1416 780 1522 823 adeo
1566 794 1726 836 magno

158 842 300 883 animo
334 841 486 882 civitas
517 840 618 894 fuit,
651 843 699 882 ut
730 840 898 882 consuli
930 855 981 882 ex
1012 842 1136 882 tanta
1162 839 1301 894 clade,
1334 840 1453 881 cuius
1479 840 1573 895 ipse
1600 853 1729 881 causa

157 901 344 942 maxima
374 900 547 951 fuisset,
578 900 774 942 redeunti
806 902 849 941 et
881 900 1052 941 obviam
1084 900 1195 941 itum
1225 898 1475 953 frequenter
1507 899 1560 940 ab
1593 898 1728 941 omni-

157 960 238 1002 bus
283 958 505 1001 ordinibus
545 959 602 1000 sit
639 961 682 1000 et
721 959 886 1014 gratiae
927 961 1066 1014 actae,
1111 958 1225 1014 quod
1264 957 1314 999 de
1353 972 1398 999 re
1436 958 1611 1012 publica
1641 972 1729 999 11011

157 1019 446 1073 desperasset,
473 1018 544 1072 qui
563 1019 601 1060 si
621 1016 1049 1073 Carthaginiensium
1081 1018 1232 1059 ductor
1262 1017 1437 1072 fuisset,
1469 1017 1581 1058 nihil
1611 1030 1728 1058 recu-

158 1078 339 1119 sandum
371 1077 574 1131 supplicii
605 1076 728 1118 foret.

209 1196 359 1229 10-15,
387 1192 558 1238 Folgen
578 1193 655 1227 der
675 1192 906 1228 Schlacht.

160 1239 244 1286 Vgl.
271 1240 391 1285 Polyb
419 1244 451 1284 3,
481 1243 558 1282 118,
588 1244 689 1275 1—5.
717 1260 761 1265 —
787 1240 908 1283 firma,

159 1298 190 1322 0.
219 1291 280 1332 13,
304 1291 358 1321 11.
387 1307 432 1312 -
458 1287 501 1322 de
533 1288 702 1332 imperio,
741 1297 789 1321 an
823 1287 907 1322 dem

157 1334 431 1370 Fortbestande
458 1334 522 1369 des
549 1333 713 1378 Staates3
747 1337 766 1376 ἓ
794 1338 848 1370 14.
876 1345 905 1370 c.

159 1385 217 1425 51,
244 1385 276 1418 4.
304 1384 359 1425 55,
388 1385 419 1416 5.
453 1401 498 1406 —
525 1382 678 1426 populi.-
712 1380 772 1416 die
801 1380 907 1416 Cam-

158 1440 276 1474 paner
311 1429 378 1464 hat
402 1429 443 1463 L.
471 1429 713 1474 sibergangen
744 1440 808 1463 um
841 1428 907 1464 der

157 1476 375 1521 Erz'ahlung
413 1480 476 1520 23,
512 1480 532 1510 2
559 1475 595 1511 ff.
636 1475 740 1510 nicht
775 1486 906 1511 vorzu-

159 1523 321 1568 greifen,
361 1523 526 1558 obschon
566 1525 641 1558 erst
679 1522 743 1558 der
778 1522 907 1558 Abfall

159 1570 305 1616 Capuae
332 1571 404 1605 den
431 1581 503 1606 von
517 1569 644 1605 Atella
663 1570 740 1605 und
762 1569 907 1605 Calatia

157 1617 255 1653 nach
282 1617 361 1652 sich
387 1628 465 1662 zog.
486 1637 530 1643 -—
554 1617 722 1659 Pentros,
747 1618 818 1652 mit
842 1617 907 1652 der

158 1665 393 1710 Hauptstadt
424 1664 648 1708 Bovianum3
681 1665 750 1700 Br.
776 1675 906 1709 omme,

159 1723 228 1746 nur
253 1712 323 1747 mit
347 1712 562 1747 Ausnahme
587 1723 660 1747 von
683 1711 830 1747 Petelia
850 1716 906 1755 23,

161 1762 216 1802 20,
255 1763 277 1793 4
315 1759 391 1794 und
429 1758 630 1795 Consentia
673 1763 730 1803 23,
773 1763 829 1801 30,
869 1762 908 1802 ὃς

168 1805 350 1848 Uzentini,
376 1805 414 1840 in
442 1806 649 1841 Calabrien.
672 1826 715 1831 —
736 1817 766 1841 0.
792 1806 907 1849 Galli,

162 1852 261 1888 diese
293 1853 408 1888 sehon
446 1853 590 1895 frfiher,
630 1857 687 1895 21,
720 1857 776 1897 55,
804 1857 835 1888 4.
862 1873 909 1878 -

162 1900 292 1942 clades,
319 1900 470 1945 eigentl.
493 1899 665 1945 Schl'age.
685 1919 728 1925 —-
744 1910 910 1944 usquam,

982 1192 1100 1227 woftir
1143 1192 1203 1227 die
1242 1192 1444 1237 folgenden
1482 1192 1611 1226 Worte
1649 1203 1729 1225 um-

983 1250 1095 1283 quam
1121 1240 1303 1274 erwarten
1336 1238 1485 1281 liessen3
1524 1239 1668 1283 Eutrop
1695 1242 1729 1282 3,

983 1290 1044 1322 10:
1077 1286 1116 1321 in
1148 1286 1282 1331 quibus
1315 1286 1424 1321 malis
1457 1296 1566 1321 nemo
1602 1287 1729 1321 tamen

980 1333 1233 1369 Romanorum
1269 1333 1374 1378 pacis
1408 1333 1635 1368 mentionem
1659 1332 1727 1367 ha-

980 1381 1068 1416 bere
1090 1381 1264 1425 dignatus
1287 1382 1353 1415 est.
1376 1401 1420 1405 —
1444 1380 1609 1423 Romam,
1632 1380 1729 1415 nach

980 1427 1164 1472 Analogie
1175 1428 1239 1463 des
1249 1427 1514 1463 Griechischen
1525 1438 1598 1463 von
1608 1427 1730 1462 einem

980 1474 1333 1510 Verbalsubstantiv
1353 1474 1555 1520 abh’angig,
1575 1474 1652 1509 und
1666 1474 1729 1509 da-

979 1523 1047 1557 her
1085 1523 1225 1570 diesem
1264 1522 1544 1568 vorangestellt.
1576 1541 1623 1547 ——
1661 1531 1730 1566 quo

979 1570 1022 1605 in
1048 1573 1152 1615 temp.
1187 1570 1227 1604 in
1260 1569 1381 1604 dieser
1413 1569 1604 1604 schweren
1637 1568 1727 1603 Zeit.

982 1638 1025 1642 —
1041 1618 1245 1661 ordinibus,
1266 1617 1345 1652 also
1367 1616 1464 1652 auch
1482 1627 1569 1651 vom
1583 1615 1728 1658 Senate,

982 1664 1047 1700 der
1057 1665 1098 1710 ja
1113 1665 1171 1699 die
1189 1663 1352 1699 Consuln
1367 1663 1600 1708 angewiesen
1621 1663 1729 1697 hatte

984 1712 1064 1747 eine
1106 1711 1370 1746 Feldschlacht
1413 1723 1457 1745 zu
1500 1721 1641 1755 wagen.
1686 1730 1727 1734 —

983 1759 1123 1802 ductor,
1143 1769 1217 1794 von
1236 1758 1387 1793 Tacitus
1408 1758 1638 1793 namentlich
1657 1768 1730 1792 von

984 1806 1055 1841 den
1081 1806 1247 1840 Fiihrern
1275 1804 1584 1840 nichtromischer
1611 1804 1730 1848 Trup-

982 1864 1056 1897 pen
1082 1852 1298 1898 gebraucht.

1756 320 1796 350 11

1754 437 1797 469 12

1754 556 1796 587 13

1757 791 1806 822 14

1756 1026 1798 1057 15
