1882 3163
132 145 158 163 a.
185 138 251 164 Chr.
277 146 305 163 n.
332 138 392 163 213.
651 128 797 162 LIBER
821 128 970 163 XXIIII.
998 127 1100 163 CAP.
1129 132 1183 164 36.
1211 132 1267 163 37.
1645 127 1701 168 63

132 251 262 278 mano
308 236 481 291 recipit,
525 236 598 277 ubi
637 235 842 277 frumenti
883 249 1042 291 magna
1083 236 1147 277 vis
1181 238 1528 292 commeatusque
1562 236 1701 278 omnis

131 295 301 351 generis
335 296 528 337 convecti
561 299 685 336 erant
715 293 935 336 Romanis.

252 354 320 396 Ad
363 354 476 395 hanc
518 352 801 395 defectionem
843 353 971 394 erecti
1013 356 1114 394 sunt
1154 356 1196 394 et
1237 354 1418 395 aliarum
1461 354 1700 396 civitatium
1715 354 1771 396 37

132 413 281 467 animi,
326 412 625 467 praesidiaque
656 411 854 454 Romana
887 414 961 452 aut
991 411 1264 466 pellebantur
1297 413 1465 454 arcibus
1499 415 1573 454 aut
1602 427 1699 467 pro-

131 473 221 514 dita
270 487 346 526 per
396 471 587 512 fraudem
633 471 1000 525 opprimebantur.
1062 470 1240 525 Henna,
1291 472 1454 513 excelso
1505 473 1599 513 loco
1652 486 1699 513 ac
1727 483 1747 514 2

129 534 362 587 praerupto
407 531 592 585 undique
638 530 743 582 sita,
789 544 884 570 cum
927 529 1022 571 1000
1066 529 1414 584 inexpugnabilis
1456 533 1564 585 erat,
1607 533 1700 571 tum

129 591 391 646 praesidium
423 590 467 630 in
500 603 598 630 arce
630 588 819 629 validum
851 588 1199 643 praefectumque
1225 589 1430 642 praesidii
1456 589 1570 631 haud
1597 604 1700 630 sane

130 652 420 704 opportunum
452 648 756 689 insidiantibus
788 647 990 688 habebat.
1052 646 1098 689 L.
1130 646 1330 689 Pinarius
1364 650 1473 701 erat,
1505 648 1572 690 vir
1604 663 1700 690 acer
1726 661 1746 691 3

130 712 172 750 et
210 709 282 763 qui
321 708 418 762 plus
450 707 495 747 in
528 721 594 757 eo,
637 721 690 747 ne
722 709 870 760 posset
900 706 1060 760 decipi,
1105 720 1233 760 quam
1265 707 1310 748 in
1343 707 1424 748 fide
1458 706 1700 749 Siculorum

129 770 364 822 reponeret.
427 769 468 806 et
504 769 597 807 tum
629 765 906 806 intenderant
944 779 1040 806 eum
1082 766 1134 806 ad
1167 765 1345 807 cavendi
1378 767 1521 808 omnia
1554 781 1700 807 curam

128 829 196 867 tot
236 826 406 867 audit-ae
444 825 710 879 proditiones
749 824 1092 878 defectionesque
1130 825 1300 866 urbium
1333 827 1376 865 et
1408 825 1550 866 clades
1581 839 1700 879 prae-

130 885 350 926 sidiorum.
400 884 542 938 itaque
575 885 637 925 die
668 897 716 925 ac
746 886 872 925 nocte
904 884 1024 924 iuxta
1054 887 1208 937 parata
1234 884 1526 939 instructaque
1555 884 1699 925 omnia
1725 895 1748 926 4

130 943 334 986 custodiis
380 957 427 984 ac
469 943 628 998 vigiliis
671 945 811 996 erant,
855 956 934 983 nec
975 943 1028 983 ab
1068 943 1198 984 armis
1233 945 1308 984 aut
1338 943 1431 984 loco
1466 957 1541 984 suo
1575 943 1698 984 miles

130 1002 397 1044 abscedebat.
461 1002 572 1056 quod
616 1001 691 1042 ubi
723 1000 1023 1042 Hennensium
1064 1002 1281 1056 principes
1322 1002 1408 1043 iam
1447 1002 1564 1057 pacti
1603 1016 1698 1043 cum
1726 1014 1746 1045 5

131 1061 376 1102 Himilcone
415 1061 464 1101 de
501 1060 744 1115 proditione
777 1060 981 1114 praesidii
1014 1061 1409 1102 animadverterunt
1446 1061 1555 1102 nulli
1583 1075 1700 1102 occa-

137 1120 246 1161 sioni
278 1119 438 1161 fraudis
465 1119 709 1160 Romanum
741 1122 904 1173 patere,
935 1119 977 1160 vi
1008 1120 1093 1160 rati
1125 1120 1336 1174 agendum
1364 1120 1513 1161 urbem
1540 1134 1698 1161 arcem·
1726 1132 1748 1163 6

136 1193 215 1233 que
249 1193 350 1220 suae
380 1178 610 1233 potestatis
643 1179 764 1219 aiunt
795 1178 947 1219 debere
981 1193 1092 1232 esse,
1138 1178 1173 1220 si
1204 1179 1329 1220 liberi
1361 1179 1405 1219 in
1439 1179 1700 1233 societatem,

177 1294 372 1340 Romanis]
394 1294 444 1329 ist
458 1294 581 1336 Dativ,
603 1293 667 1328 der
686 1293 756 1328 mit
775 1297 880 1328 erant

131 1354 177 1376 zu
201 1341 406 1376 verbinden
438 1340 503 1384 ist3
538 1341 669 1375 st'ande
703 1352 741 1375 es
772 1341 831 1374 fiir
857 1352 880 1375 a

130 1389 329 1431 Romanis,
356 1400 395 1423 so
421 1390 560 1422 musste
588 1399 626 1422 es
651 1388 785 1422 vorher
810 1399 880 1432 quo

132 1437 225 1470 statt
256 1437 321 1470 ubi
352 1435 510 1470 heissen.
561 1435 645 1480 Vgl.
681 1435 747 1478 22,
775 1439 830 1478 20,
859 1439 878 1470 6

132 1484 197 1517 ubi
222 1484 276 1518 vis
306 1494 440 1528 mayna
465 1483 584 1526 sparti
609 1486 702 1525 erat,
730 1483 778 1516 ad
807 1493 880 1516 rem

132 1531 321 1564 nauticam
358 1533 521 1574 conyesta
559 1530 604 1564 ab
644 1529 881 1563 Hasdrubale

130 1577 205 1611 und
232 1577 297 1619 21,
325 1581 381 1619 48,
406 1582 426 1612 9
454 1577 684 1618 Clastidium,
710 1587 779 1621 quo
804 1588 878 1610 ma-

130 1636 241 1670 ynum
277 1625 452 1666 frumenti
483 1635 672 1658 numerum
704 1634 879 1668 conyesse-

130 1675 218 1706 rant
243 1670 413 1706 Romani.

178 1717 340 1753 37—39.
367 1717 631 1762 Ereignisse
652 1717 695 1752 in
710 1717 879 1752 Henna.

180 1770 210 1800 1.
255 1765 375 1810 erecti]
415 1764 650 1810 gewohnlieh
689 1765 758 1799 mit
795 1765 879 1799 dem

131 1813 263 1847 Zusatz
307 1813 355 1846 ad
399 1813 487 1846 oder
536 1813 577 1845 in
620 1813 780 1856 aliquid,
827 1812 881 1846 oft

131 1860 201 1894 mit
233 1860 476 1903 expectatione
508 1859 739 1901 verbunden3
776 1859 881 1893 abso-

132 1907 208 1950 lut,
234 1907 304 1940 wie
331 1906 426 1949 hier,
460 1906 554 1940 auch
581 1905 640 1948 23,
668 1910 725 1947 45,
751 1909 770 1939 5
801 1916 879 1939 cum

131 1955 218 1988 haec
256 1954 510 1997 exprobrando
547 1953 640 1986 hosti
679 1953 881 1986 Marcellus

134 2011 283 2035 suorum
309 2001 464 2034 militum
491 2001 631 2034 animos
657 2001 815 2044 erigeret.

180 2051 212 2082 2.
255 2048 481 2091 praesidium
514 2067 557 2071 —-
588 2047 882 2090 praefectumque

128 2095 326 2139 praesidii]
349 2094 414 2129 das
429 2093 646 2128 Substantiv
661 2093 881 2128 wiederholt

133 2143 227 2176 statt
255 2141 317 2175 des
343 2141 568 2176 Pronomens
601 2141 709 2183 (auch
737 2140 796 2183 26,
824 2144 880 2183 39,

135 2193 150 2222 1
177 2189 415 2232 praesidium,
441 2189 536 2232 quod
561 2188 614 2222 ibi
642 2187 881 2229 erat,1toma-

132 2247 221 2270 num
254 2236 528 2280 praefectusque
561 2235 744 2279 praesidii
776 2238 881 2279 atquc

133 2284 230 2317 arcis
251 2283 307 2318 M.
323 2283 483 2325 Livius):
505 2282 587 2317 eine
603 2282 880 2327 Nachwirkung

133 2330 196 2364 des
223 2329 323 2364 alten
352 2329 597 2372 Curialstiles,
630 2329 667 2363 in
700 2329 881 2364 welchem

134 2377 249 2411 durch
270 2377 375 2411 Ffflle
403 2377 465 2410 des
486 2376 700 2410 Ausdrucks
722 2376 786 2410 der
806 2376 878 2410 Un—

134 2423 381 2458 deutlichkeit
434 2423 523 2457 oder
571 2423 880 2467 Zweidcutigkeit

133 2470 364 2515 vorgebeugt
390 2470 525 2513 wurde,
553 2482 581 2503 z.
609 2470 650 2503 B.
677 2470 737 2512 21,
765 2474 818 2512 17,
840 2474 878 2504 4:

133 2517 249 2552 latum
275 2518 360 2551 inde
385 2518 433 2551 ad
456 2518 644 2560 populum,
673 2517 798 2551 vellent
824 2518 878 2550 iu-

135 2565 255 2599 berent
287 2565 426 2608 populo
460 2564 757 2608 Carthayim'ensi
794 2564 879 2598 bel-

135 2612 220 2645 lum
252 2611 387 2653 indici,·
420 2612 600 2655 eiusque
632 2611 737 2644 belli
769 2621 879 2645 causa

134 2659 355 2702 supplicatio
378 2669 444 2702 per
469 2659 592 2692 urbem
623 2658 750 2691 habita
776 2661 882 2702 atque

136 2706 284 2740 adorati
308 2706 375 2747 dii,
400 2709 440 2739 ut
461 2705 544 2739 bene
570 2716 613 2739 ac
637 2705 790 2746 feliciter
809 2715 880 2738 ere-

134 2753 239 2796 nz'ret‚
260 2754 374 2796 quod
394 2753 551 2786 bellum
568 2752 728 2795 populus
748 2751 880 2785 Roma-

135 2809 205 2833 nus
242 2800 410 2833 iussisset.
470 2797 724 2833 Andererseits
762 2798 883 2832 crh'alt

136 2845 201 2880 das
222 2846 459 2881 wiederholtc
476 2845 755 2880 Substantivum
774 2845 880 2879 einen

136 2892 362 2928 besonderen
379 2893 613 2936 Nachdruck,
629 2892 698 2926 wie
715 2893 773 2935 10,
792 2897 844 2937 13,
860 2898 879 2926 6

953 1294 1140 1329 laboribus
1160 1295 1392 1339 laborumque
1404 1295 1603 1338 praemiis;
1622 1293 1701 1328 dies

921 1334 924 1337 ’
952 1341 1047 1376 liebt
1073 1341 1112 1377 L.
1141 1342 1235 1385 sehr,
1265 1341 1551 1386 haupts‘achlich
1577 1341 1702 1375 hinter

953 1388 1037 1423 dem
1063 1388 1434 1433 Relativpronomen,
1463 1400 1491 1423 s,
1518 1392 1573 1432 34,
1602 1392 1635 1422 9.

1001 1436 1262 1482 opportunum]
1290 1436 1364 1480 vgl.
1391 1435 1452 1479 30,
1470 1439 1502 1478 4,
1523 1439 1543 1469 3
1571 1446 1701 1469 morem

953 1483 1061 1517 simul
1097 1486 1282 1518 noscerent
1317 1484 1517 1517 stationum
1553 1483 1700 1527 viyilia-

953 1541 1114 1574 rumque,
1140 1534 1240 1565 nocte
1266 1542 1316 1564 an
1340 1530 1502 1564 interdiu
1529 1533 1701 1573 opportu-

953 1578 1074 1611 niores
1098 1578 1296 1612 insidianti
1322 1580 1444 1612 essent.
1487 1577 1702 1611 insidianti-

954 1625 1019 1659 bus
1050 1624 1170 1668 geben
1196 1624 1264 1658 wir
1289 1625 1404 1659 durch
1434 1624 1499 1658 das
1525 1624 1700 1658 Abstrac-

953 1673 1033 1706 tum
1059 1672 1207 1716 wieder,
1234 1683 1260 1706 S.
1288 1684 1333 1705 zu
1359 1675 1415 1715 31,
1443 1675 1474 1704 2.

1002 1723 1034 1753 3.
1082 1718 1265 1753 Pinarius
1296 1718 1388 1763 erat]
1425 1717 1702 1763 gewohnlicher

955 1767 1039 1809 sagt
1065 1765 1144 1802 Liv.
1171 1767 1204 1800 is
1226 1766 1270 1800 P.
1299 1769 1396 1807 crat;
1419 1765 1525 1810 jenes
1551 1765 1600 1799 ist
1624 1764 1701 1799 bei-

952 1812 1130 1847 behalten
1169 1824 1234 1847 aus
1260 1813 1325 1846 der
1355 1812 1416 1847 bei
1441 1812 1481 1847 L.
1514 1811 1702 1846 beliebten

954 1859 1065 1893 Form
1099 1860 1163 1894 der
1189 1860 1431 1902 Parenthese,
1460 1858 1530 1893 wie
1557 1858 1616 1900 23,
1646 1862 1702 1900 15,

954 1910 974 1940 2
1012 1910 1203 1951 postquam
1232 1906 1428 1950 Neapolim
1461 1917 1484 1940 α
1515 1906 1702 1949 praefecto

954 1953 1122 1988 Romano
1159 1955 1272 1988 teneri
1309 1954 1445 1997 accepit
1478 1972 1522 1978 ——
1549 1952 1703 1987 Silanus

955 2004 1032 2034 erat
1058 2001 1102 2035 ab
1129 2001 1390 2044 Neapolitanis
1417 2001 1553 2034 accitus
1574 2020 1617 2024 —
1639 2010 1700 2043 pe-

954 2048 998 2081 tit
1023 2047 1235 2083 Nuceriam.

997 2095 1085 2139 plus
1110 2106 1278 2139 reponere
1303 2095 1360 2139 in]
1391 2094 1510 2128 ‘mehr
1533 2092 1704 2128 Gewicht

954 2142 1021 2175 auf
1044 2144 1157 2177 etwas
1183 2141 1320 2186 legen’,

1001 2190 1233 2224 intenderant
1253 2200 1332 2223 eum
1352 2189 1401 2223 ad
1421 2188 1561 2233 curam]
1591 2189 1701 2222 eben-

955 2247 993 2270 so
1021 2236 1089 2277 21,
1116 2242 1172 2280 49,
1201 2241 1218 2270 7
1252 2247 1336 2270 suos
1362 2236 1410 2270 ad
1436 2246 1562 2269 curam
1588 2238 1702 2269 custo-

953 2284 1037 2317 diae
1071 2284 1275 2325 intendere;
1312 2283 1405 2317 wird
1444 2281 1504 2316 die
1537 2281 1703 2325 Sorgfalt

954 2341 1039 2364 vom
1061 2330 1160 2375 Subj.
1188 2330 1315 2375 gefibt,
1343 2341 1382 2364 so
1408 2329 1527 2363 heisst
1553 2339 1590 2362 es
1611 2341 1638 2362 z.
1662 2328 1701 2361 B.

954 2376 1020 2420 25,
1051 2381 1088 2420 9,
1117 2382 1135 2412 7
1174 2379 1216 2411 in
1253 2381 1368 2412 cetera
1406 2377 1450 2410 ab
1489 2386 1526 2410 eo
1561 2377 1702 2409 intenta

954 2435 1044 2459 cura
1070 2429 1129 2459 est.

1000 2471 1228 2516 desectioiaes]
1250 2470 1376 2504 Plural
1395 2480 1523 2514 wegen
1543 2469 1702 2509 urbium,

952 2517 1022 2552 wie
1049 2522 1106 2561 39,
1134 2522 1164 2552 7.

1001 2569 1032 2599 4.
1059 2565 1182 2610 iuxta]
1211 2576 1236 2598 s.
1265 2576 1308 2598 zu
1335 2567 1391 2606 20,
1422 2568 1474 2597 13.

1001 2616 1032 2645 5.
1061 2612 1157 2656 quod
1182 2612 1261 2657 ubi]
1289 2624 1315 2645 s.
1343 2623 1386 2644 zu
1415 2613 1469 2652 15,
1497 2614 1527 2643 5.

999 2660 1140 2703 patere]
1168 2659 1241 2701 vgl.
1269 2658 1329 2701 31,
1357 2661 1412 2699 39,
1440 2661 1480 2690 12
1507 2657 1547 2690 in
1568 2659 1700 2700 paten-

955 2709 1021 2740 tem
1053 2707 1196 2740 vulneri
1233 2717 1360 2749 equum
1394 2705 1611 2748 equitemque
1642 2714 1699 2737 sa-

954 2753 1065 2796 yittas
1097 2753 1254 2787 conicere
1284 2755 1428 2796 poterat
1461 2767 1503 2779 =
1540 2750 1699 2784 ‘offencn

956 2799 1110 2843 Zugang
1136 2800 1268 2841 haben,
1295 2797 1516 2843 zugiinglich
1543 2797 1649 2831 sein'.

1004 2852 1034 2882 6.
1074 2858 1162 2881 suae
1189 2847 1378 2890 potestatis
1408 2845 1492 2889 esse]
1531 2844 1604 2887 vgl.
1639 2843 1699 2885 25,

955 2897 1016 2937 29,
1051 2899 1069 2927 4
1111 2894 1224 2927 nostri
1262 2893 1410 2928 arbitrii
1446 2902 1569 2926 sumus
1609 2891 1701 2924 ‘wir
