1882 3163
151 111 176 130 a.
191 103 242 131 Ch.
263 103 323 129 215.

618 90 764 126 LIBER
788 90 918 126 XXHI.
969 89 1071 126 CAP.
1098 93 1151 125 42.
1181 93 1237 125 43.
1657 89 1714 132 85

150 202 354 246 tuendam
386 199 547 243 Nolam
577 199 780 255 praesidii
811 199 968 254 praeda
1000 214 1165 253 sumus3
1206 199 1293 241 iam
1326 213 1378 240 ne
1411 198 1714 254 manipulatim

153 263 324 319 quidem
357 259 429 302 sed
460 260 678 301 latronum
709 259 836 300 modo
868 261 1119 313 percursant
1143 258 1247 301 totis
1272 258 1430 300 finibus
1454 258 1614 300 nostris
1640 272 1711 300 ne-

153 321 407 378 glegentius,
439 333 566 374 quam
598 319 635 360 si
665 318 711 359 in
736 317 933 359 Romano
960 322 1220 373 vagarentur
1245 331 1362 372 agro.
1413 332 1542 359 causa
1568 320 1711 359 autem
1729 327 1772 358 11

152 382 258 423 haec
290 382 366 433 est,
398 378 509 434 quod
538 392 676 432 neque
708 380 755 418 tu
788 376 992 430 defendis,
1025 379 1068 418 et
1097 379 1247 418 nostra
1278 378 1496 431 iuventus,
1537 391 1644 431 quae
1678 376 1713 418 si

153 441 269 483 domi
296 441 408 481 esset
432 436 655 491 tutaretur,
688 436 825 478 omnis
859 436 936 477 sub
965 436 1099 491 signis
1127 436 1288 477 militat
1312 436 1410 478 tuis,
1461 450 1540 478 nec
1565 438 1609 478 te
1634 450 1714 478 nec
1730 445 1773 477 12

154 499 384 542 exercitum
414 499 536 538 tuum
567 496 726 549 norim,
769 495 871 547 nisi,
916 510 941 536 a
979 509 1061 550 quo
1101 497 1169 537 tot
1200 496 1312 537 acies
1344 495 1565 537 Romanas
1597 495 1714 537 fusas

154 561 394 612 stratasque
426 570 517 597 esse
550 555 693 609 sciam,
726 555 764 596 ei
796 554 923 596 facile
956 568 1048 596 esse
1081 553 1232 596 ducam
1264 554 1503 609 opprimere
1535 555 1716 609 popula-

153 623 268 660 tores
301 618 471 657 nostros
504 627 639 669 vagos
673 614 762 655 sine
796 614 932 669 signis
971 614 1160 668 palatos,
1205 628 1287 668 quo
1331 628 1541 668 quemque
1578 614 1717 655 trahit

153 676 348 732 quamvis
380 689 491 716 vana
517 673 698 728 praedae
724 687 832 727 spes.
880 671 1165 715 Numidarum
1191 687 1424 727 paucorum
1450 673 1517 714 illi
1543 673 1714 728 quidem
1732 683 1774 714 13

153 735 311 792 praeda
348 736 490 787 erunt,
530 732 875 788 praesidiumque
915 733 1041 774 simul
1078 732 1205 774 nobis
1247 734 1290 773 et
1327 731 1463 774 Nolae
1497 732 1717 787 ademeris,

154 796 191 837 si
223 794 368 847 modo,
408 807 532 848 quos,
570 794 618 833 ut
652 792 791 834 socios
824 791 1023 846 haberes,
1068 792 1221 847 dignos
1253 791 1430 846 duxisti,
1461 791 1576 833 haud
1606 791 1717 833 indi-

154 869 261 911 gnos
293 853 469 902 iudicas,
501 866 607 906 quos
638 851 685 892 in
716 851 843 893 fidem
875 855 1069 907 receptos
1100 850 1295 893 tuearis“.

270 913 338 954 Ad
371 927 421 954 ea
452 910 669 953 Hannibal
701 911 940 965 respondit:
983 910 1138 953 Omnia
1177 911 1305 952 simul
1336 909 1472 952 facere
1504 909 1712 964 Hirpinos
1729 909 1787 951 43

155 972 472 1026 Samnitesque,
517 973 559 1012 et
589 970 779 1012 indicare
818 970 962 1012 clades
995 985 1095 1012 suas
1129 973 1171 1012 et
1207 972 1352 1025 petere
1383 969 1644 1025 praesidium
1677 971 1719 1010 et

150 1033 270 1088 queri
307 1030 553 1073 indefensos
593 1044 637 1071 se
675 1029 991 1085 neglectosque.
1041 1029 1316 1072 indicandum
1358 1032 1501 1071 autem
1533 1029 1716 1083 primum
1739 1039 1759 1069 2

151 1092 295 1143 fuisse,
327 1091 425 1132 dein
457 1089 689 1144 petendum
720 1089 1000 1144 praesidium,
1037 1092 1278 1144 postremo,
1318 1089 1362 1130 ni
1401 1089 1718 1143 impetraretur,

153 1156 244 1193 tum
277 1150 458 1204 denique
492 1148 770 1203 querendum,
809 1148 972 1190 frustra
1005 1163 1128 1203 opem
1160 1148 1432 1204 inploratam.
1486 1147 1718 1189 exercitum
1738 1157 1759 1188 3

156 1225 247 1252 sese
279 1224 367 1252 non
408 1209 451 1250 in
490 1221 641 1263 agrum
669 1206 905 1262 'Hirpinum
938 1206 1245 1261 Samnitemve,
1288 1222 1342 1250 ne
1381 1210 1422 1249 et
1465 1207 1556 1261 ipse
1600 1207 1720 1248 oneri

157 1272 282 1323 esset,
310 1268 383 1309 sed
409 1268 455 1309 in
480 1268 676 1322 proxima
694 1267 789 1308 loca
810 1266 1024 1309 sociorum
1045 1267 1194 1322 populi
1215 1267 1402 1309 Romani
1423 1266 1717 1308 adducturum.

156 1329 207 1370 iis
239 1326 494 1383 populandis
527 1328 571 1367 et
602 1326 783 1367 militem
817 1341 940 1367 suum
971 1328 1237 1381 repleturum
1271 1340 1314 1367 se
1347 1329 1389 1367 et
1421 1328 1538 1368 metu
1570 1325 1719 1380 procul

157 1388 210 1430 ab
237 1388 274 1429 is
302 1387 600 1428 submoturum
631 1385 783 1427 hostis.
833 1385 945 1440 quod
972 1386 1024 1427 ad
1051 1385 1210 1427 bellum
1236 1385 1480 1427 Romanum
1508 1386 1719 1435 attineret,
1739 1395 1762 1426 4

158 1448 192 1489 si
224 1446 509 1488 Trasumenni
542 1459 669 1499 quam
702 1444 901 1498 Trebiae,
935 1445 969 1486 si
1002 1443 1245 1487 Cannarum
1279 1460 1404 1500 quam
1437 1444 1721 1486 Trasumenni

155 1519 300 1562 pugna
325 1505 511 1546 nobilior
538 1506 661 1557 esset,
689 1502 937 1545 Cannarum
964 1519 1007 1546 se
1029 1519 1194 1560 quoque
1217 1505 1469 1546 memoriam
1490 1505 1719 1546 obscuram

157 1566 318 1608 maiore
352 1567 394 1606 et
426 1564 605 1605 clariore
638 1563 820 1605 victoria
851 1563 1079 1605 facturum.

158 1693 257 1728 wohl
295 1693 384 1727 aber
422 1692 473 1726 im
508 1691 707 1736 Vergleich
752 1702 794 1725 zu
832 1692 903 1726 den

158 1741 321 1784 Heeoen,
359 1740 499 1775 welche
533 1739 698 1774 ehemals
738 1751 801 1773 zur
832 1738 902 1773 Be-

158 1787 367 1832 k'ampfung
375 1787 439 1822 der
449 1786 641 1821 Samniten
652 1787 757 1831 notig
769 1797 902 1821 waren.

207 1834 296 1879 iam]
313 1845 411 1868 nunc
423 1833 642 1868 bezeichnet
657 1834 736 1868 eine
750 1834 902 1877 langere

162 1882 385 1927 Gegenwart
399 1881 580 1925 (Sommer
595 1883 676 1922 215)
693 1881 744 1915 im
760 1880 902 1925 Gegen-

161 1933 239 1964 satz
272 1941 317 1963 zu
349 1928 450 1963 einer
480 1928 592 1962 sehon
626 1927 798 1962 ziemlich
825 1930 903 1962 ent-

161 1977 306 2012 fernten
322 1975 624 2021 Vergangenheit
642 1976 674 2019 (ξ
690 1976 809 2019 8-9),
830 1975 905 2009 iam

162 2024 233 2059 den
259 2022 530 2067 Schlusspunkt
562 2022 627 2056 der
659 2022 776 2057 durch
807 2033 905 2057 nunc

161 2070 424 2106 bezeichneten
451 2069 538 2104 Zeit.

205 2117 437 2163 percursant]
480 2116 832 2161 ‚,umherstreifen“‚
866 2117 904 2151 in

161 2165 301 2200 diesem
340 2164 536 2199 absoluten
574 2163 663 2198 Sinn
701 2176 770 2199 nur
806 2164 903 2206 hier;

163 2212 300 2248 einmal
326 2211 394 2246 mit
420 2211 505 2246 Ace.
534 2213 592 2256 (=
619 2211 901 2255 durchstreifen)

161 2259 213 2294 im
238 2258 374 2304 Paneg.
404 2259 468 2293 des
494 2258 588 2293 Plin.

210 2310 264 2341 11.
298 2307 461 2349 defendis
486 2326 530 2331 —-—
556 2306 686 2352 tutan]
725 2305 799 2341 Das
833 2305 904 2341 Ob-

160 2354 245 2399 jekt
276 2353 384 2387 hiezu
416 2353 561 2398 ergiebt
593 2354 671 2388 sich
698 2353 812 2388 leicht
838 2364 903 2388 aus

162 2402 247 2436 dem
274 2401 605 2445 Zusammenhang.

213 2452 267 2483 12.
287 2447 444 2492 nostros]
468 2448 510 2481 st.
531 2447 630 2482 eines
646 2448 735 2483 Gen.
752 2447 904 2484 obiect.:

163 2506 335 2541 agrorum
362 2499 576 2529 nostrorum.

214 2546 267 2577 13.
291 2541 426 2587 Nolae]
454 2541 558 2575 Nach
580 2541 644 2576 der
664 2541 821 2576 Ansicht
842 2542 906 2576 des

165 2589 363 2634 Sprechers
387 2591 557 2634 ertragen
578 2588 636 2623 die
658 2588 821 2623 Nolaner
840 2589 906 2623 das

162 2637 344 2671 romische
358 2635 380 2670 J
383 2636 451 2670 och
467 2647 607 2680 ungern
622 2636 695 2669 und
709 2637 905 2671 wu‘nschen

164 2684 233 2727 sie,
266 2695 338 2718 von
371 2683 436 2717 der
461 2682 672 2727 Besatzung
697 2682 830 2717 befreit
862 2695 905 2717 zu

162 2730 320 2765 werden.

210 2777 402 2823 ademeris]
447 2776 681 2822 gewohnlich
729 2787 797 2811 von
842 2777 906 2811 der

166 2824 401 2869 Entziehung
424 2825 524 2859 eines
547 2824 661 2858 Gutes
682 2824 770 2858 oder
790 2824 906 2858 Rech-

166 2873 222 2906 tes
249 2872 466 2916 gebraucht,
494 2871 610 2906 selten
637 2882 709 2906 von
734 2871 798 2905 der
819 2871 907 2905 Ent-

976 1692 1134 1737 fernung
1171 1692 1328 1737 lastiger
1364 1692 1485 1737 Dinge
1524 1692 1721 1736 (compedes

976 1739 1117 1783 Plaut.‚
1144 1740 1420 1784 aeyritudinem,
1447 1750 1565 1781 curas,
1590 1742 1720 1773 metum

976 1787 1083 1828 Ten).

1024 1834 1168 1879 cliynos]
1198 1834 1375 1869 zuweilen
1401 1834 1470 1868 mit
1496 1837 1536 1868 ut
1560 1833 1718 1868 verbun-

978 1881 1060 1924 den,
1086 1881 1246 1916 welches
1272 1881 1353 1915 hier
1378 1891 1506 1926 wegen
1527 1891 1613 1925 quos
1636 1883 1720 1915 not-

977 1928 1124 1973 wendig
1146 1940 1237 1963 war:
1265 1932 1321 1971 22,
1342 1932 1398 1971 59,
1420 1932 1479 1971 173
1507 1932 1564 1972 24,
1588 1932 1642 1970 16,
1665 1931 1717 1962 19.

1025 1974 1087 2011 43.
1128 1979 1159 2011 2.
1192 1976 1248 2021 ni]
1272 1993 1315 2004 =
1335 1977 1368 2010 si
1392 1986 1478 2019 non,
1504 1976 1574 2010 wie
1599 1976 1721 2010 mehr-

977 2023 1071 2057 mals
1087 2023 1145 2058 bei
1161 2022 1239 2057 Liv.
1258 2023 1415 2068 (Drager
1428 2023 1472 2059 H.
1489 2022 1523 2059 S.
1539 2022 1573 2057 Π
1583 2021 1607 2065 ²,
1625 2025 1719 2065 748).

1026 2074 1057 2105 3.
1085 2074 1116 2105 et
1142 2070 1233 2116 ipse]
1267 2070 1536 2115 ‚‚gleichfalls“‚
1563 2070 1633 2105 wie
1660 2070 1720 2104 die

978 2117 1123 2153 Romer.
1140 2138 1183 2143 -
1203 2118 1390 2164 proxima]
1418 2117 1494 2153 scil.
1516 2128 1605 2164 αρτ-ο
1625 2118 1719 2152 Hir-

973 2166 1065 2209 pino
1085 2169 1117 2200 et
1133 2164 1304 2200 Samniti.
1321 2186 1364 2191 —
1383 2165 1643 2218 adducturum]
1666 2164 1721 2199 Im

979 2212 1191 2247 Deutschen
1234 2212 1330 2247 muss
1375 2212 1563 2248 entweder
1602 2212 1721 2247 dieses

977 2260 1087 2295 Wort
1107 2259 1196 2295 oder
1213 2260 1276 2295 der
1290 2259 1476 2295 Finalsatz
1495 2271 1539 2294 ne
1559 2289 1566 2295 .
1584 2287 1591 2294 .
1608 2287 1614 2294 .
1635 2262 1723 2294 esset

977 2307 1106 2342 weiter
1129 2308 1225 2342 nach
1251 2319 1343 2342 vorn
1369 2309 1514 2352 gesetzt
1538 2307 1695 2341 werden.

1024 2355 1259 2400 repleturum]
1304 2355 1382 2389 scil.
1418 2355 1578 2399 praeda,
1617 2354 1722 2388 nicht

979 2401 1212 2446 „vollzahlig
1266 2402 1463 2437 machen“.
1514 2422 1559 2426 —
1608 2401 1719 2446 metu]

977 2448 1117 2483 welche
1153 2460 1191 2483 er
1223 2448 1294 2483 den
1328 2448 1493 2483 Feinden
1531 2447 1722 2483 einflossen

978 2496 1100 2530 werde
1127 2496 1232 2540 (Kap.
1261 2500 1317 2538 37,
1344 2499 1391 2533 4).

1027 2547 1058 2577 4.
1089 2542 1348 2588 Trasumenni]
1376 2543 1449 2577 Der
1473 2542 1630 2577 Genetiv
1657 2542 1721 2577 des

981 2588 1087 2624 Ortes
1114 2589 1174 2623 bei
1203 2600 1332 2635 puyna
1363 2589 1413 2624 ist
1439 2589 1642 2624 auffallend
1675 2591 1719 2625 st.

980 2637 1028 2671 cul
1057 2636 1363 2680 Trasumennum,
1399 2637 1469 2671 und
1496 2637 1596 2672 steht
1621 2637 1720 2672 wohl

980 2683 1044 2718 der
1070 2682 1186 2718 Kiirze
1212 2695 1358 2729 wegen,
1392 2684 1439 2718 da
1472 2684 1530 2718 ein
1557 2686 1721 2728 entspre-

981 2731 1140 2765 chendes
1156 2731 1332 2776 Adjektiv
1349 2730 1461 2774 feh1t;
1483 2731 1613 2766 anders
1628 2731 1719 2776 Kap.

983 2781 1036 2820 18,
1066 2781 1097 2812 7.

1026 2825 1076 2869 sel
1113 2825 1186 2860 Der
1218 2824 1484 2871 Hauptbegriff
1511 2825 1722 2861 Cannarum

980 2871 1071 2906 wird
1105 2872 1245 2908 sowohl
1273 2874 1385 2907 durch
1414 2873 1479 2907 das
1505 2873 1720 2918 beigeftigte
