1882 3163
147 125 172 142 a.
193 116 244 142 Ch.
265 117 326 142 216.

663 106 807 141 LIBER
831 107 963 143 XXIII.
1014 106 1115 143 CAP.
1145 111 1198 143 15.
1654 108 1708 150 31

265 214 421 256 Nolam
454 214 685 256 Marcellus
723 229 809 256 non
850 215 915 256 sui
954 216 1092 270 magis
1135 215 1292 257 fiducia
1334 216 1536 270 praesidii
1582 230 1709 271 quam
1733 228 1757 258 7

146 274 368 316 voluntate
400 274 644 328 principum
676 272 876 315 habebat.
926 274 1048 328 plebs
1087 275 1319 316 timebatur
1360 278 1402 316 et
1440 278 1539 316 ante
1573 276 1710 317 omnis

145 332 192 374 L.
219 331 419 387 Bantius,
452 347 576 387 quem
603 332 867 374 conscientia
891 334 1128 386 temptatae
1162 333 1412 375 defectionis
1440 348 1488 376 ac
1519 337 1659 376 metus
1687 350 1712 376 a

146 394 342 447 praetore
373 391 570 433 Romano
602 405 717 433 nunc
749 390 802 432 ad
834 391 1118 445 proditionem
1150 393 1328 447 patriae,
1360 407 1486 446 nunc,
1520 394 1555 435 si
1587 393 1640 435 ad
1667 393 1711 435 id

147 451 319 493 fortuna
351 449 573 504 defuisset,
612 450 665 491 ad
697 449 1070 505 transfugiendum
1104 451 1367 492 stimulabat.
1418 454 1510 493 erat
1540 452 1707 494 iuvenis
1731 463 1750 494 S

148 523 244 551 acer
270 512 312 551 et
337 509 548 551 sociorum
576 523 625 550 ca
650 511 906 563 tempestate
930 524 1063 563 prope
1090 509 1383 551 nobilissimus
1412 526 1552 565 eques.
1586 512 1709 553 semi-

145 583 292 610 necem
326 583 422 610 eum
454 568 508 609 ad
535 566 703 609 Cannas
731 568 776 608 in
803 582 954 610 acervo
982 582 1205 610 caesorum
1232 583 1457 623 corporum
1485 571 1709 611 inventum

145 630 419 681 curatumque
451 627 635 682 benigne
662 627 794 668 etiam
820 641 915 668 cum
943 627 1066 669 donis
1092 626 1311 669 Hannibal
1338 628 1510 669 domum
1538 630 1709 671 remise-

143 688 221 728 rat.
271 686 324 727 ob
358 685 449 727 eius
483 686 669 741 gratiam
701 685 843 727 meriti
874 700 964 727 rem
996 685 1209 728 Nolanam
1243 687 1287 727 in
1324 687 1390 728 ius
1418 687 1710 742 dicionemque
1731 699 1757 730 9»

145 745 244 786 dare
277 745 470 786 voluerat
495 744 655 797 Poeno,
683 745 943 800 anxiumque
965 760 1059 787 eum
1081 747 1123 786 et
1149 745 1382 788 sollicitum
1403 760 1504 787 cura
1524 747 1709 788 novandi

142 818 209 846 res
241 806 415 858 praetor
447 804 658 846 cernebat.
709 806 896 845 ceterum
923 817 1018 845 cum
1045 807 1119 846 aut
1144 818 1284 858 poena
1311 805 1571 847 cohibendus
1599 809 1711 847 esset
1727 817 1776 847 10·

144 866 218 904 aut
249 863 453 904 beneficio
486 863 796 916 conciliandus,
841 863 924 905 sibi
969 863 1259 917 adsumpsisse
1299 878 1426 919 quam
1464 864 1579 906 hosti
1612 864 1709 906 ade-

142 922 272 963 misse
310 922 465 963 fortem
505 936 553 963 ac
591 924 812 963 strenuum
849 922 1002 963 maluit
1041 923 1220 976 socium,
1265 923 1530 978 accitumque
1571 923 1624 964 ad
1665 938 1709 964 se

141 981 328 1036 benigne
361 981 568 1034 appellat:
606 981 767 1022 multos
806 995 901 1022 eum
933 981 1102 1023 invidos
1141 981 1254 1023 inter
1285 982 1507 1037 popularis
1539 982 1767 1036 habere,11

142 1040 241 1081 inde
275 1040 522 1081 existimatu
554 1039 680 1081 facile
713 1054 817 1095 esse,
849 1040 961 1094 quod
993 1055 1117 1082 nemo
1151 1041 1254 1082 civis
1294 1040 1488 1083 Nolanus
1532 1041 1615 1082 sibi
1647 1042 1708 1082 in-

143 1098 366 1153 dicaverit,
412 1113 539 1152 quam
577 1099 716 1140 multa
757 1099 846 1140 eius
881 1099 1054 1154 egregia
1085 1099 1278 1141 facinora
1310 1100 1514 1141 militaria
1547 1103 1705 1154 essent3

143 1157 215 1198 sed
237 1157 308 1211 qui
327 1158 372 1198 in
391 1156 600 1199 Romanis
627 1158 878 1199 militaverit
904 1158 1068 1212 castris,
1094 1172 1181 1200 non
1207 1173 1334 1212 posse
1363 1159 1587 1201 obscuram
1615 1160 1705 1201 eius
1725 1170 1773 1200 12.

145 1217 346 1258 virtutem
380 1230 490 1271 esse,
523 1216 682 1258 multos
716 1217 817 1270 sibi,
855 1218 927 1272 qui
960 1232 1054 1259 culn
1089 1231 1137 1259 eo
1171 1218 1386 1272 stipendia
1417 1218 1613 1272 fecerint,
1645 1233 1707 1260 re-

143 1275 266 1328 ferre,
300 1275 370 1330 qui
398 1275 462 1316 vir
488 1278 601 1317 esset
626 1276 710 1328 ille,
743 1290 935 1330 quaeque
962 1279 1004 1317 et
1032 1277 1228 1331 quotiens
1254 1277 1448 1331 pericula
1473 1292 1549 1331 pro
1572 1277 1708 1318 salute

144 1349 192 1376 ac
225 1334 435 1389 dignitate
467 1334 616 1388 populi
658 1334 839 1376 Romani
880 1335 1056 1389 adisset,
1101 1335 1247 1390 utique
1287 1334 1502 1377 Cannensi
1545 1337 1708 1390 proelio
1725 1348 1767 1378 13

142 1407 229 1435 non
255 1393 373 1448 prius
399 1404 546 1448 pugna
573 1393 800 1447 abstiterit,
828 1408 954 1448 quam
980 1409 1114 1448 prope
1142 1395 1348 1449 exanguis
1369 1396 1494 1436 ruina
1515 1396 1707 1450 superin-

143 1452 375 1493 cidentium
401 1453 589 1494 virorum
618 1467 822 1507 equorum
850 1467 1151 1507 armorumque
1179 1454 1234 1494 sit
1261 1468 1501 1508 oppressus.
1540 1455 1709 1509 „itaque
1728 1466 1775 1495 14

142 1513 279 1552 macte
313 1511 469 1552 virtute
503 1510 620 1553 esto“
651 1512 810 1567 inquit3
852 1512 990 1566 „apud
1022 1527 1089 1553 me
1121 1512 1202 1553 tibi
1236 1513 1375 1554 omnis
1408 1513 1544 1555 honos
1580 1515 1707 1567 atque

143 1585 269 1612 omne
302 1570 538 1624 praemium
573 1571 663 1625 erit,
697 1575 738 1612 et
770 1585 853 1625 quo
886 1571 1153 1625 frequentior
1180 1585 1345 1613 mecum
1373 1571 1516 1622 fueris,
1550 1573 1707 1614 senties

142 1643 234 1670 eam
267 1644 355 1670 rem
388 1629 467 1670 tibi
495 1629 698 1685 dignitati
719 1632 845 1684 atque
867 1631 1155 1672 emolumento
1183 1631 1312 1672 esse“.
1344 1631 1543 1686 laetoque
1563 1631 1707 1673 iuveni
1724 1642 1766 1673 15

188 1802 292 1847 Kap.
324 1807 376 1846 15,
399 1807 538 1847 7—17,
560 1807 590 1838 6.
630 1803 886 1839 Hannibale

142 1852 265 1885 erste
292 1849 569 1895 Niederlage
600 1851 673 1885 bei
702 1851 817 1885 Nola
852 1864 886 1888 u.

141 1896 392 1931 Einnahme
425 1907 510 1931 von
543 1896 720 1932 Acerr'a.
771 1897 885 1932 Plut.

142 1944 275 1979 Marc.
300 1947 342 1977 10
357 1943 411 1984 ἧς
439 1944 589 1978 Zonar.
613 1948 644 1986 9,
669 1948 708 1986 2;
734 1945 884 1980 Front.

143 1992 270 2026 strat.
299 1994 330 2033 3,
361 1994 413 2033 16,
443 1994 478 2034 1;
506 1991 587 2025 Dio
615 1992 693 2036 frg.
722 1995 778 2035 57,
806 1996 859 2026 32.

192 2064 221 2095 7.
255 2064 367 2095 metus
393 2072 415 2095 a
438 2061 517 2106 pn]
544 2060 682 2096 Furcht
708 2073 773 2097 vor
800 2062 882 2097 dem

141 2108 215 2142 Pr.:
250 2111 312 2151 32,
340 2111 403 2151 23,
430 2111 449 2142 9
477 2112 570 2143 metu
597 2119 737 2153 poenae
762 2121 784 2144 α
810 2109 884 2144 Ro-

141 2155 271 2197 manis,
298 2158 354 2199 45,
382 2159 437 2199 26,
466 2159 484 2189 7
513 2166 591 2190 cum
617 2157 734 2191 maior
759 2168 782 2191 α
809 2156 883 2192 Ro-

142 2203 261 2237 manis
285 2205 398 2236 metus
423 2203 582 2238 timorem
605 2215 627 2238 α
650 2204 884 2248 principibus

142 2250 218 2284 suis
244 2250 403 2291 vicisset;
429 2249 521 2294 Kap.
543 2254 600 2294 36,
622 2254 638 2284 1
669 2251 714 2285 ab
735 2251 884 2286 Hanni-

145 2296 222 2332 bale
246 2299 413 2331 metuens.

190 2357 221 2390 8.
252 2355 471 2400 tempestate]
499 2355 639 2390 sowohl
666 2367 737 2390 von
764 2356 884 2391 altem

143 2401 321 2437 Dichtern
354 2402 408 2436 als
434 2413 506 2436 von
534 2401 678 2437 Coelius
708 2403 783 2447 (bei
810 2403 883 2438 Cic.

143 2449 187 2483 de
214 2460 263 2484 or.
292 2453 324 2491 3,
352 2452 434 2483 153:
467 2460 539 2493 qua
565 2453 767 2493 tempestate
795 2450 883 2485 Poe-

141 2507 211 2530 nus
237 2497 278 2531 in
298 2497 454 2531 Italiam
479 2497 588 2539 venit)
617 2508 649 2530 u.
673 2496 813 2530 Sallust
839 2499 882 2531 st.

143 2545 296 2588 tempore
307 2543 523 2588 gebraucht,
539 2543 634 2577 ohne
646 2542 726 2577 dass
739 2543 797 2577 die
806 2543 885 2578 Zeit

144 2590 198 2624 als
237 2590 317 2625 eine
355 2590 620 2633 „st1'irmische,
665 2589 884 2624 schlimme“

142 2636 360 2672 bezeichnet
379 2637 527 2671 werden
554 2635 623 2671 soll
645 2637 750 2681 (Kap.
767 2640 823 2680 28,
841 2641 883 2672 10

144 2683 322 2718 ebenfalls
347 2684 408 2718 bei
435 2683 553 2718 einem
581 2682 815 2728 Superlativ).
839 2704 881 2708 -

143 2729 365 2776 seminecem]
396 2731 490 2765 auch
517 2731 629 2766 sehon
656 2741 727 2765 von
753 2730 881 2775 Vergil

144 2777 359 2822 gebrmcht,
387 2794 428 2806 =
456 2779 697 2813 semianimem
725 2777 812 2822 (vgl.
841 2790 882 2812 zu

142 2823 234 2867 Kap.
262 2828 294 2867 5,
323 2826 367 2868 1).

193 2874 223 2904 9.
257 2872 298 2905 ob
323 2872 498 2917 qratiam]
533 2883 621 2915 „aus
648 2871 773 2913 Dank,
800 2883 882 2905 zum

961 1804 1117 1847 Dank“,
1149 1803 1296 1839 innerer
1328 1805 1603 1850 Beweggrund,
1638 1805 1706 1839 wie

961 1851 1021 1885 bei
1047 1849 1125 1885 Liv.
1157 1851 1211 1885 oft
1245 1852 1286 1885 ob
1321 1852 1426 1887 iram.
1455 1872 1498 1876 —
1525 1852 1703 1897 voluerat]

961 1897 1074 1932 naml.
1096 1908 1161 1932 vor
1186 1897 1251 1932 der
1270 1897 1442 1933 Ankunft
1468 1899 1532 1933 des
1554 1899 1706 1933 Marcel-

960 1945 1015 1979 lus
1043 1946 1076 1988 (ξ
1100 1946 1144 1989 7).

1009 2007 1062 2038 10.
1090 2003 1237 2049 maluit]
1265 2003 1334 2038 mit
1354 2003 1422 2038 Inf.
1445 2003 1555 2047 Perfi,
1580 2004 1706 2039 indem

959 2049 1023 2084 der
1050 2049 1139 2084 Sinn
1172 2051 1238 2085 ist:
1272 2050 1322 2085 Er
1348 2062 1417 2096 zog
1444 2062 1482 2085 es
1508 2062 1589 2095 vor,
1626 2051 1706 2086 dass

959 2108 1045 2131 man
1072 2097 1234 2132 nachher
1262 2108 1361 2142 sage,
1389 2109 1427 2132 er
1453 2097 1549 2133 habe
1571 2125 1601 2133 ..
1619 2126 1625 2133 .
1644 2127 1650 2134 .

1009 2170 1063 2202 12.
1090 2168 1238 2213 multos]
1267 2168 1464 2211 Romanos,
1489 2169 1540 2203 im
1562 2168 1705 2214 Gegen-

959 2216 1036 2249 satz
1061 2226 1103 2248 zu
1127 2214 1199 2249 den
1220 2215 1421 2250 Nolanern.
1443 2236 1486 2241 —
1508 2216 1584 2261 ille]
1612 2218 1706 2251 statt

958 2261 1023 2296 der
1049 2265 1080 2296 2.
1102 2261 1200 2296 Pers.
1230 2262 1295 2297 der
1316 2262 1375 2297 Or.
1397 2264 1511 2306 recta,
1537 2263 1705 2307 haufiger

958 2308 1012 2342 als
1027 2309 1078 2350 is,·
1105 2309 1275 2353 dagegen
1301 2309 1383 2344 sind
1410 2310 1470 2344 die
1492 2310 1606 2344 Casus
1630 2310 1702 2345 obl.

958 2366 1031 2390 von
1057 2356 1088 2390 is
1114 2355 1283 2401 hitufiger
1309 2357 1363 2391 als
1390 2368 1462 2391 von
1488 2357 1557 2392 ille.

1009 2430 1061 2461 13.
1088 2426 1226 2471 utique]
1255 2443 1298 2454 =
1327 2430 1358 2461 et
1384 2428 1448 2461 uti.
1478 2447 1521 2452 ——
1545 2427 1700 2472 proelio]

959 2474 1051 2507 statt
1086 2483 1230 2516 puyna,
1269 2473 1429 2507 welches
1466 2473 1631 2518 sogleich
1665 2473 1702 2508 in

959 2520 1133 2554 anderem
1161 2518 1271 2553 Sinne
1299 2520 1406 2564 folgt.

1009 2593 1060 2623 14.
1095 2589 1225 2634 omnis]
1261 2589 1373 2633 „jede
1401 2590 1468 2624 Art
1498 2592 1596 2625 von“
1631 2592 1702 2634 (21,

958 2640 1014 2679 57,
1044 2639 1085 2669 14
1116 2637 1231 2670 omnis
1263 2636 1456 2680 libidinis).
1486 2657 1527 2662 —-
1554 2638 1701 2683 senties]

957 2694 1031 2727 erg.
1066 2693 1103 2717 eo
1136 2683 1269 2728 magis,
1303 2683 1432 2726 „desto
1466 2684 1570 2719 mehr
1602 2684 1703 2719 wirst

957 2730 1004 2763 du
1026 2730 1253 2771 erkennen“;
1282 2733 1313 2772 2,
1338 2734 1394 2773 45,
1415 2734 1433 2764 9
1455 2731 1508 2765 ita
1528 2731 1701 2774 dimissis,

956 2787 1024 2821 quo
1059 2777 1181 2810 minus
1220 2778 1380 2811 eonsules
1419 2778 1504 2812 velle
1537 2779 1699 2820 credunt,

957 2824 1082 2858 crescit
1103 2824 1212 2858 ardor
1226 2825 1434 2867 plegmundi.
1453 2845 1493 2849 —
1513 2836 1589 2860 eam
1610 2826 1700 2871 rem]

958 2887 1000 2899 =
1029 2872 1194 2905 virtutem
1222 2874 1332 2906 tuam.
