1882 3163
205 124 261 166 64
724 123 869 160 LIBER
892 124 1024 160 XXIII.
1074 123 1177 160 OAP.
1205 129 1259 160 31.
1605 142 1630 160 a.
1650 143 1678 160 u.
1699 135 1761 161 539.

151 244 171 275 3
203 232 320 274 tibus
354 232 539 287 daretur,
569 235 868 288 praeterquam
900 233 971 287 qui
1003 233 1162 275 milites
1191 233 1244 274 ad
1271 231 1442 274 Cannas
1469 233 1665 275 fuissent.
1712 234 1762 275 de

203 291 459 333 exercitibus
491 292 552 334 ita
584 292 878 345 decreverunt,
922 294 970 333 ut
1013 292 1176 334 duabus
1215 292 1457 346 legionibus
1498 293 1672 334 urbanis
1698 293 1762 334 Ti.

204 349 480 404 Sempronius
513 351 664 393 consul
697 350 821 392 Cales
849 351 900 392 ad
928 351 1264 393 conveniendum
1291 352 1403 392 diem
1429 351 1630 406 ediceret3
1662 352 1761 393 inde

205 423 278 450 eae
298 410 489 464 legiones
516 411 561 452 in
587 413 726 452 castra
752 409 988 452 Claudiana
1016 425 1145 465 supra
1171 409 1415 452 Suessulam
1442 410 1761 453 deducerentur.

152 480 174 510 4
207 483 313 523 quae
345 469 406 510 ibi
438 470 632 525 legiones
666 471 808 511 essent
856 494 905 499 —
954 472 1076 511 erant
1120 472 1263 511 autem
1303 468 1538 510 Cannensis
1578 470 1762 511 maxime

205 530 412 571 exercitus
448 553 515 582 —-,
559 543 629 570 eas
674 530 782 583 App.
822 526 1023 570 Claudius
1063 528 1244 570 Pulcher
1283 532 1454 582 praetor
1496 529 1540 570 in
1573 526 1762 570 Siciliam

201 588 414 642 traiceret,
445 602 636 643 quaeque
667 588 713 629 in
745 586 890 629 Sicilia
921 590 1073 641 essent,
1105 587 1287 629 Romam
1319 588 1656 641 deportarentur.

163 658 183 688 5
323 647 390 688 Ad
417 648 658 700 exercitum,
691 647 758 688 cui
785 647 837 688 ad
863 646 1199 688 conveniendum
1226 646 1349 688 Cales
1377 647 1515 688 edicta
1541 647 1629 688 dies
1658 650 1758 697 erat,

203 706 260 747 M.
288 705 489 748 Claudius
514 706 740 748 Marcellus
775 706 942 759 missus,
973 706 1095 760 isque
1126 707 1266 747 iussus
1292 707 1335 747 in
1362 709 1501 747 castra
1527 704 1763 747 Claudiana

164 778 184 808 6
206 765 410 807 deducere
442 766 626 806 urbanas
659 766 863 819 legiones.
914 765 966 806 ad
996 768 1183 806 veterem
1215 765 1446 806 exercitum
1474 765 1763 819 accipiendum

206 824 580 879 deducendumque
625 824 723 865 inde
767 825 812 865 in
856 823 1045 865 Siciliam
1088 824 1150 866 Ti.
1182 823 1402 866 Maecilius
1435 822 1564 865 Croto
1597 824 1763 879 legatus

164 896 183 926 7
206 884 258 925 ab
292 885 401 938 App.
434 883 612 926 Claudio
653 885 717 924 est
755 883 921 924 missus.
971 883 1091 924 taciti
1135 883 1272 937 primo
1318 886 1645 937 expectaverant
1688 883 1764 924 ho-

204 943 360 995 mines,
405 943 468 984 uti
507 943 655 984 consul
694 942 868 983 comitia
906 942 1108 995 conlegae
1142 942 1324 982 creando
1358 942 1554 995 haberet3
1600 942 1763 996 deinde,

204 1002 279 1043 ubi
311 1002 560 1057 ablegatum
592 1002 708 1042 velut
735 1001 784 1042 de
812 1000 1020 1041 industria
1046 1000 1102 1041 M.
1128 1000 1376 1041 Marcellum
1402 1001 1611 1054 viderunt,
1638 1015 1762 1054 quem

204 1061 386 1102 maxime
419 1061 635 1101 consulem
667 1061 711 1100 in
745 1075 840 1100 eum
883 1074 1041 1100 annum
1080 1059 1131 1100 ab
1172 1060 1341 1114 egregie
1379 1060 1424 1100 in
1464 1062 1663 1113 praetura
1692 1074 1759 1101 res

162 1132 183 1162 8
204 1122 348 1175 gestas
382 1120 514 1161 creari
546 1119 760 1173 volebant,
791 1118 986 1160 fremitus
1018 1119 1063 1159 in
1095 1118 1212 1160 curia
1245 1121 1374 1160 ortus.
1425 1118 1537 1173 quod
1568 1118 1643 1160 ubi
1669 1133 1761 1161 sen-

205 1179 261 1220 sit
294 1178 462 1232 consul,
498 1177 775 1233 „utrumque“
807 1177 948 1232 inquit
979 1192 1026 1232 „e
1058 1192 1103 1218 re
1140 1178 1311 1232 publica
1352 1177 1449 1230 fuit,
1486 1180 1630 1232 patres
1664 1192 1763 1219 con-

205 1238 370 1292 scripti,
416 1241 457 1279 et
500 1237 557 1278 M.
596 1236 823 1278 Claudium
868 1237 919 1278 ad
964 1236 1268 1291 permutandos
1309 1237 1516 1278 exercitus
1554 1237 1599 1277 in
1639 1235 1762 1278 Cam-

204 1298 375 1352 paniam
419 1297 647 1351 proficisci,
689 1300 731 1338 et
775 1296 947 1337 comitia
988 1310 1076 1337 non
1121 1296 1237 1349 prius
1277 1295 1395 1349 edici,
1432 1310 1559 1350 quam
1595 1296 1632 1337 is
1664 1295 1762 1337 inde

206 1357 412 1410 confecto,
447 1356 559 1411 quod
585 1356 834 1397 mandatum
868 1357 943 1409 est,
976 1355 1150 1410 negotio
1184 1355 1442 1408 revertisset,
1474 1357 1522 1396 ut
1555 1369 1631 1397 vos
1665 1369 1761 1396 con-

206 1416 358 1469 sulem,
404 1430 530 1470 quem
575 1418 745 1470 tempus
790 1414 849 1455 rei
888 1414 1083 1468 publicae
1121 1414 1380 1468 postularet,
1425 1428 1549 1468 quem
1582 1413 1762 1455 maxime

164 1486 185 1517 9
207 1475 347 1529 voltis,
379 1474 630 1515 haberetis.“
662 1475 724 1515 ita
757 1473 806 1514 de
834 1473 1029 1527 comitiis,
1063 1473 1196 1515 donec
1222 1473 1347 1514 rediit
1371 1472 1610 1527 Marcellus,
1637 1473 1763 1514 silen—

205 1535 312 1575 tium
345 1533 437 1575 fuit.
933 1553 935 1555 ·

324 1592 493 1633 Interea
520 1592 732 1633 duumviri
757 1591 888 1633 creati
915 1594 1014 1632 sunt
1040 1590 1088 1640 Q.
1107 1589 1266 1632 Fabius
1293 1590 1504 1631 Maximus
1533 1593 1575 1632 et
1596 1590 1643 1631 T.
1664 1590 1761 1632 Ota—

208 1721 362 1755 flossene
388 1720 488 1754 Jahr.
519 1740 556 1744 ——
581 1722 837 1763 praeterquam
868 1719 947 1764 qui]
1023 1718 1102 1753 dass
1135 1718 1235 1752 diese
1262 1718 1435 1763 Truppen
1466 1717 1504 1752 in
1537 1717 1614 1752 sein
1640 1718 1759 1761 Lager

208 1784 252 1796 =
268 1771 417 1812 praetor
437 1778 504 1808 eos,
530 1768 601 1811 qui.
641 1765 704 1800 Oft
730 1766 821 1800 wird
842 1777 948 1811 prae·
1022 1764 1172 1810 gefuhrt
1198 1765 1344 1799 werden
1370 1765 1513 1800 sollten.

208 1819 368 1859 teo-quam
400 1815 613 1848 verbunden
650 1813 720 1847 mit
758 1814 822 1848 der
852 1813 948 1848 Kon-
1070 1816 1101 1847 6
1139 1812 1240 1857 iude]
1279 1812 1312 1846 d.
1342 1812 1376 1847 h
1413 1823 1456 1847 ex
1488 1812 1616 1847 castris
1649 1811 1762 1846 Olau-

205 1862 381 1906 junktion
406 1862 518 1906 quod,
545 1861 660 1895 selten
687 1861 855 1905 dagegen
881 1860 950 1895 mit
1022 1860 1156 1894 dumis

209 1910 326 1944 einem
347 1908 571 1951 Relativurn,
593 1907 692 1942 Caes.
716 1908 750 1941 b.
773 1920 806 1952 g.
827 1912 856 1951 1,
880 1912 912 1950 5,
927 1912 947 1942 3
1070 1912 1100 1941 7.
1121 1906 1295 1951 hommes]
1312 1908 1443 1949 „man“
1448 1934 1456 1949 ,
1473 1906 1531 1940 die
1547 1906 1758 1940 Senatoren.

207 1957 427 1999 frumentum
447 1967 558 1997 omue,
580 1958 835 1999 praeterquam
854 1956 948 1999 quod
1022 1974 1065 1979 —
1092 1955 1133 1988 iu
1158 1953 1277 1998 curia]
1314 1955 1351 1988 in
1378 1952 1478 1988 einer
1504 1955 1675 1997 spateren
1701 1952 1762 1987 Se-

208 2015 325 2038 secum
346 2004 535 2048 portaturi
558 2006 672 2045 eraut,
700 2004 923 2037 comburunt.
1022 2000 1252 2045 natssitzung
1276 2001 1315 2035 in
1342 2000 1405 2034 der
1431 2000 1541 2035 Curia
1567 1998 1735 2035 Hostilia.

257 2054 287 2085 3.
327 2052 468 2085 duabus
502 2051 565 2093 leq.
598 2049 694 2094 urb]
737 2049 796 2084 Sie
828 2060 950 2083 waren
1071 2052 1101 2083 8.
1141 2059 1243 2092 quem
1269 2076 1274 2081 .
1301 2075 1308 2082 .
1331 2076 1338 2083 .
1365 2047 1483 2092 quem]
1524 2046 1591 2081 Die
1632 2046 1762 2081 beiden

210 2097 270 2131 fiir
308 2097 379 2131 den
416 2097 556 2131 andern
587 2095 729 2130 Konsul
760 2097 950 2130 bestimmt
1023 2095 1271 2129 Relativs'atze
1303 2095 1431 2128 stehen
1464 2094 1501 2128 in
1535 2095 1653 2128 einem
1682 2103 1762 2127 ver-

209 2155 379 2188 gewesen
400 2144 507 2187 (Kap.
532 2147 587 2183 25,
609 2145 654 2186 9).
690 2144 743 2177 Da
764 2142 842 2178 sich
863 2143 950 2178 aber
1023 2141 1245 2176 sehiedenen
1266 2141 1477 2175 Verhaltnis
1504 2153 1546 2174 zu
1572 2141 1760 2174 consulem.

209 2191 268 2225 die
293 2191 407 2224 Wahl
433 2191 626 2225 desselben
651 2192 881 2234 vel-zogerte‚
911 2200 949 2224 so
1022 2187 1095 2222 Der
1129 2189 1265 2222 erstere
1298 2187 1513 2222 bezeichnet
1548 2189 1629 2221 eine
1661 2189 1761 2221 wun-

209 2238 360 2272 wurden
380 2237 430 2272 sie
447 2249 521 2271 nun
538 2238 620 2271 dem
635 2237 830 2271 Marcellus
844 2237 948 2271 iiber-
1024 2235 1272 2268 sehenswerte
1298 2232 1538 2278 Eigenschaft
1571 2234 1634 2267 des
1664 2233 1761 2267 Kan-

210 2286 340 2329 geben,
361 2285 520 2319 welcher
540 2285 597 2318 fiir
617 2284 682 2318 das
698 2285 786 2317 Amt
804 2284 840 2317 in
857 2285 947 2317 Aus-
1022 2281 1190 2323 didaten,
1226 2282 1340 2315 durch
1374 2280 1513 2315 welche
1547 2280 1624 2315 sich
1651 2280 1761 2315 Grac·

211 2332 307 2367 sicht
327 2343 546 2376 genommen
566 2342 641 2364 war
656 2332 738 2375 (ξ)
706 2333 750 2374 7).
767 2351 809 2355 -
828 2334 949 2365 eastra
1022 2330 1110 2362 chus
1129 2340 1190 2362 zur
1207 2327 1485 2372 Verschiebung
1499 2328 1564 2362 der
1575 2327 1761 2362 Komitien

212 2379 358 2425 Claud]
385 2379 457 2423 vgl.
485 2378 576 2423 Kap.
607 2382 660 2420 17,
688 2382 718 2412 3
1021 2376 1241 2410 bestimmen
1275 2374 1371 2417 liess,
1405 2376 1469 2409 der
1496 2375 1626 2409 zweite
1652 2374 1762 2418 dage—

258 2431 288 2460 4
316 2438 356 2460 zu
377 2425 447 2461 Sze.
469 2425 591 2471 trade]
618 2425 858 2468 Erneuerung
884 2423 948 2458 des
1021 2433 1092 2467 gen
1125 2424 1184 2466 (=
1211 2433 1297 2457 nam
1331 2434 1412 2457 eum
1440 2450 1446 2456 .
1470 2449 1478 2456 .
1500 2450 1506 2456 .
1535 2421 1660 2465 voltis)
1701 2420 1761 2455 die

209 2473 348 2508 bereits
389 2473 481 2517 Kap.
509 2476 569 2515 25,
605 2476 622 2507 7
663 2471 843 2516 gefassten
881 2471 947 2505 Be·
1024 2469 1220 2513 beilaufige
1263 2469 1510 2513 Bemerkung,
1551 2468 1630 2502 dass
1667 2468 1762 2501 auch

212 2520 406 2555 schlusses.
440 2541 483 2545 —
520 2520 688 2565 Romam]
730 2519 789 2553 Sie
827 2529 950 2552 waren
1026 2517 1084 2550 die
1106 2515 1308 2551 Senatoren
1328 2517 1447 2550 dieser
1468 2515 1622 2549 Ansicht
1642 2514 1759 2556 seien3

213 2568 271 2601 fiir
310 2569 379 2602 den
417 2566 777 2601 nachzuwahlenden
809 2564 949 2600 Konsul
1024 2564 1137 2598 daher
1151 2563 1479 2598 Verschiedenheit
1499 2563 1563 2597 der
1578 2562 1760 2605 Tempora

213 2615 404 2648 bestimmt
442 2625 563 2659 gewes
568 2626 611 2648 en
645 2615 844 2658 (Kap.25‚
882 2613 949 2655 10),
1023 2611 1197 2646 u.Modi.

213 2661 363 2695 wurden
387 2662 475 2695 aber
494 2661 656 2695 nachher
675 2661 771 2694 nach
791 2640 950 2704 Apulien’
1071 2662 1102 2693 9.
1130 2657 1331 2702 duumviri]
1358 2657 1425 2691 Die
1446 2655 1580 2690 beiden
1596 2654 1758 2697 Manner,

214 2709 406 2753 geschickt
432 2709 619 2752 (Kap.32,
652 2710 716 2748 16).
1026 2705 1166 2739 welche
1192 2705 1287 2738 nach
1314 2704 1378 2738 der
1393 2702 1569 2737 Schlacht
1593 2713 1651 2736 am
1675 2702 1761 2736 Tra-

262 2759 291 2790 5.
320 2756 464 2798 missus}
493 2756 595 2789 nicht
615 2767 697 2789 vom
720 2755 843 2796 Senat,
871 2764 951 2787 son·
1027 2751 1105 2785 sim.
1135 2752 1202 2786 See
1229 2751 1287 2785 die
1314 2751 1403 2784 zwei
1431 2749 1583 2793 Tempel
1609 2748 1659 2782 im
1686 2748 1760 2783 Na-

215 2801 303 2835 dern
341 2814 424 2837 vom
457 2802 613 2844 Konsu13
654 2802 747 2835 doch
779 2812 855 2834 war
892 2800 951 2834 die
1024 2810 1109 2833 men
1129 2799 1193 2832 des
1214 2799 1360 2832 Staates
1386 2797 1514 2840 gelobt
1539 2796 1669 2830 hatten
1690 2797 1760 2838 (22,

215 2848 454 2893 Entsendung
481 2850 544 2883 des
571 2849 767 2883 Marcellus
800 2859 842 2881 zu
875 2847 949 2881 die·
1027 2849 1080 2888 10,
1104 2849 1156 2888 10,
1186 2845 1249 2879 Ov.
1278 2845 1375 2879 Fast.
1394 2843 1461 2883 VI,
1489 2844 1588 2887 243),
1615 2842 1761 2876 werden

215 2905 291 2929 sem
324 2896 453 2930 Zweck
486 2896 649 2931 dadurch
679 2897 775 2930 nahe
811 2895 949 2940 gelegt,
1024 2903 1100 2927 nun
1137 2902 1346 2926 zusammen
1387 2903 1430 2924 zu
1461 2889 1665 2924 Duumvirn
1695 2900 1759 2934 ge—
