1882 3163
110 119 141 138 a.
161 111 227 137 Chr.
248 118 276 136 n.
296 111 358 136 212.

632 97 777 133 LIBER
802 96 914 132 XXV.
954 96 1054 133 CAP.
1082 100 1138 132 38.
1624 93 1677 134 ’Π

117 198 316 253 glexeris,
348 196 569 237 incautum
603 197 730 249 atque
757 195 953 248 apertum
985 193 1158 234 habeas.
1208 192 1318 234 nihil
1349 191 1541 234 omnium
1566 203 1680 232 nunc
1709 201 1752 232 15

119 257 262 298 minus
294 256 493 297 metuunt
523 254 685 307 hostes,
724 267 853 307 quam
886 266 939 293 ne
972 251 1138 293 obsessi
1169 251 1296 293 modo
1328 251 1413 305 ipsi
1445 253 1575 305 atque
1608 264 1681 303 op-

115 315 304 371 pugnati
336 317 479 356 castra
511 327 589 354 sua
619 312 733 353 ultro
767 325 1075 366 oppugnemus.

119 389 207 416 non
240 376 383 429 potest
414 386 594 414 ausuros
635 385 727 412 nos.

117 433 289 474 facilius
323 432 417 473 erit.

1138 310 1370 351 audeamus
1379 343 1390 364 ,
1423 309 1536 364 quod
1569 308 1683 350 credi

791 383 840 410 eo
872 370 987 424 ipso,
1027 369 1139 423 quod
1172 369 1472 410 difficillimum
1503 367 1683 421 videtur,

477 430 606 472 tertia
643 428 794 484 vigilia
832 428 972 469 noctis
1012 428 1155 468 silenti
1197 428 1371 482 agmine
1411 427 1563 468 ducam
1594 440 1683 467 vos.
1712 438 1754 468 16

119 492 391 545 exploratum
416 489 556 531 habeo
582 503 672 530 non
696 487 942 542 vigiliarum
968 486 1172 539 ordinem,
1197 501 1284 527 non
1311 486 1520 527 stationes
1548 485 1683 526 iustas

121 564 227 592 esse.

119 609 244 664 perit.

291 550 452 591 clamor
484 548 530 589 in
561 547 699 602 portis
733 545 902 587 auditus
942 548 984 586 et
1021 545 1185 599 primus
1224 546 1410 599 impetus
1448 547 1589 586 castra
1622 558 1684 585 ce·
1713 555 1754 585 17

309 611 401 649 tum
433 607 548 648 inter
578 605 774 660 torpidos
807 618 958 647 somno
985 604 1268 658 paventisque
1301 603 1354 644 ad
1378 603 1685 657 necopinatum

120 668 354 709 tumultum
397 668 440 707 et
476 664 652 707 inermis
690 664 736 705 in
774 663 989 705 cubilibus
1028 663 1115 703 suis
1155 677 1383 717 oppressos
1425 663 1498 703 illa
1536 661 1684 703 caedes

120 727 284 780 edatur,
317 740 342 767 a
373 739 457 779 qua
488 738 565 765 vos
596 723 798 765 hesterno
826 722 893 763 die
919 723 1141 764 revocatos
1169 735 1294 776 aegre
1324 721 1541 762 ferebatis.
1599 721 1686 762 scio
1715 731 1757 761 1s

123 785 262 827 audax
294 783 431 826 videri
463 783 706 837 consilium3
739 781 812 823 sed
845 782 890 823 in
921 781 1048 822 rebus
1082 781 1245 834 asperis
1279 783 1322 822 et
1344 780 1464 821 tenui
1497 795 1570 834 spe
1602 779 1685 821 for-

123 844 295 885 tissima
326 856 517 897 quaeque
549 841 732 884 consilia
763 840 985 882 tutissima
1017 842 1136 894 sunt,
1175 839 1275 895 quia
1307 839 1344 880 si
1374 839 1419 880 in
1451 838 1686 880 occasionis

121 904 361 956 momento,
399 902 518 943 0111113
560 900 850 955 praetervolat
891 899 1204 954 opportunitas,
1245 900 1470 940 cunctatus
1511 897 1688 952 paulum

119 961 274 1014 fueris,
312 961 573 1014 nequiquam
610 974 710 1001 mox
748 959 955 1000 omissam
993 972 1187 1012 quaeras,

121 1021 365 1075 propinquo
400 1023 484 1074 est,
522 1019 603 1060 duo
643 1018 760 1059 haud
792 1018 941 1071 procul
974 1017 1151 1058 absunt:
1192 1031 1306 1058 nunc
1338 1015 1687 1071 adgredientibus

124 1093 221 1134 spes
256 1078 401 1133 aliqua
433 1080 517 1132 est,
551 1080 592 1118 et
617 1077 704 1118 iam
728 1076 976 1131 temptastis
1003 1080 1170 1118 vestras
1197 1078 1324 1130 atque
1356 1075 1530 1117 illorum
1556 1074 1689 1127 vires3

125 1139 162 1179 si
195 1137 308 1179 diem
340 1136 597 1192 proferimus
631 1139 674 1178 et
704 1136 932 1177 hesternae
964 1136 1202 1189 eruptionis
1233 1135 1351 1176 fama
1377 1133 1596 1176 contemni
1622 1133 1689 1173 de·
1715 1144 1759 1175 20·

125 1197 341 1250 sierimus,
380 1196 616 1250 periculum
650 1197 732 1248 est,
770 1209 824 1236 ne
865 1209 1014 1236 omnes
1047 1194 1191 1248 duceS,
1229 1208 1377 1236 omnes
1410 1193 1557 1247 copiae
1590 1206 1690 1233 con-

124 1255 313 1297 veniant.

380 1258 468 1296 tres
508 1254 659 1295 deinde
697 1254 842 1308 duces,
882 1256 970 1295 tres
1013 1253 1222 1295 exercitus
1266 1252 1573 1294 sustinebimus
1614 1251 1691 1292 ho-

127 1315 276 1368 stium,
317 1328 423 1368 quos
463 1312 539 1355 Cn.
577 1312 720 1367 Scipio
759 1312 964 1354 incolumi
1003 1313 1190 1354 exercitu
1231 1326 1320 1353 non
1360 1310 1592 1352 sustinuit?
1644 1312 1692 1350 ut
1717 1320 1760 1351 21

125 1372 354 1415 dividendo
387 1372 532 1426 copias
564 1372 728 1426 periere
761 1371 888 1413 duces
919 1372 1076 1425 nostri,
1115 1373 1177 1413 ita
1218 1370 1446 1425 separatim
1484 1384 1533 1411 ac
1565 1368 1692 1410 divisi

127 1432 316 1487 opprimi
346 1434 529 1486 possunt
560 1431 719 1473 hostes.

777 1430 860 1472 alia
886 1430 989 1472 belli
1015 1430 1191 1486 gerendi
1215 1430 1287 1472 via
1320 1429 1438 1471 nulla
1464 1431 1541 1470 est.
1595 1442 1690 1482 pro-

126 1491 225 1533 inde
256 1490 366 1532 nihil
399 1493 570 1545 praeter
600 1490 739 1531 noctis
765 1490 984 1544 proximae
1013 1489 1381 1544 opportunitatem
1407 1490 1692 1541 expectemus.

127 1551 187 1591 ite
215 1550 304 1591 deis
330 1550 438 1591 bene
465 1550 728 1602 iuvantibus,
761 1563 941 1603 corpora
967 1553 1123 1602 curate,
1150 1550 1198 1589 ut
1224 1548 1384 1603 integri
1410 1547 1692 1601 vigentesque
1719 1556 1763 1586 22

128 1678 189 1713 ist.
229 1678 402 1712 incautus
421 1676 472 1710 im
492 1677 680 1722 passivem
695 1676 806 1710 Sinne
827 1676 875 1710 ist

129 1724 370 1760 dichterisch.

179 1776 234 1807 15.
261 1772 392 1807 obsessi
407 1799 413 1805 .
431 1799 437 1805 .
453 1772 673 1817 oppugnati]
692 1770 876 1805 verschie-

131 1819 203 1854 den
226 1829 295 1853 von
316 1818 510 1859 einander;
539 1830 565 1852 3.
591 1817 650 1859 24,
673 1823 729 1859 34,
754 1822 794 1853 16
816 1819 876 1852 ab·

128 1867 252 1902 sistere
271 1866 540 1911 oppugnatione
559 1869 665 1910 atque
684 1866 878 1900 obsidendo

130 1918 273 1949 tantum
307 1924 427 1948 arcere
461 1913 713 1947 commeatibus
746 1914 875 1947 hostem

125 1962 289 2006 placuit3
316 1960 392 2005 vgl.
420 1971 462 1993 zu
491 1964 545 2002 11,
574 1963 627 1993 10.

182 2013 236 2043 16.
268 2008 397 2053 vigilia
422 2007 555 2052 noctis]
584 2018 609 2040 3.
637 2018 679 2040 zu
707 2010 738 2049 9,
767 2011 797 2040 1.

180 2055 314 2100 iustas]
343 2066 369 2089 3.
397 2065 439 2087 zu
468 2059 498 2096 1,
526 2059 557 2088 3.

184 2107 237 2136 17.
277 2102 437 2146 torpidos
468 2102 606 2147 somno]
642 2100 879 2135 ‘schlaftrun-

133 2149 237 2191 ken’,
265 2148 335 2193 eig.
357 2147 512 2183 betaubt
537 2148 613 2182 und
636 2147 880 2192 besinnungs-

133 2196 191 2231 103
217 2195 256 2229 111
282 2194 395 2239 Folge
424 2195 488 2230 des
515 2195 700 2237 Schlafes;
730 2195 781 2229 im
807 2206 880 2229 wa-

134 2243 230 2278 chen
256 2243 419 2278 Zustand
445 2242 536 2287 geht
568 2242 634 2277 der
659 2242 881 2287 Betaubung

135 2290 212 2324 und
238 2289 462 2334 Erstarrung
486 2289 723 2334 gewohnlich
755 2294 882 2334 stupor

135 2336 277 2379 vorans,
304 2349 331 2371 z.
352 2337 391 2371 Β.
412 2337 447 2380 9,
467 2341 500 2379 2,
524 2342 567 2372 10
593 2341 718 2381 stupor
741 2338 882 2371 animos

136 2395 181 2419 ac
217 2385 312 2418 velut
356 2388 477 2428 torpor
521 2385 669 2429 quidam
713 2385 882 2419 insolitus

136 2431 295 2466 membra
320 2434 422 2466 tenet.

185 2477 350 2523 inermis]
366 2477 499 2521 gehort
513 2476 566 2511 als
581 2478 717 2512 nabere
727 2477 882 2512 Bestim-

137 2536 253 2569 mung
279 2536 321 2557 zu
346 2535 541 2569 oppressos.

185 2573 380 2617 revocatos]
427 2571 591 2606 n'amlich
633 2582 723 2614 esse;
768 2583 795 2605 3.
841 2583 883 2606 zu

141 2624 195 2662 15,
223 2623 278 2654 20.

190 2670 242 2701 18.
270 2667 487 2710 nequiquam
508 2676 591 2700 mose
613 2693 619 2699 .
636 2666 661 2711 .]
683 2676 776 2709 ganz
796 2666 883 2699 ilhn-

139 2712 216 2747 lich
242 2713 359 2747 heisst
386 2725 423 2747 es
450 2713 510 2755 31,
540 2716 593 2755 15,
620 2716 641 2746 4
666 2714 884 2757 nequiquam

134 2764 308 2805 postea,
352 2761 384 2795 si
427 2763 638 2803 cessassent,
684 2764 884 2804 praetcr-

139 2808 287 2842 missam
312 2809 531 2843 occasionem
555 2808 789 2852 quaesituros.

178 2858 234 2890 20.
260 2856 399 2890 sicliem
416 2854 656 2899 proferimus]
682 2855 803 2888 ‘wenn
820 2853 886 2887 wir

950 1676 1056 1710 einen
1072 1675 1150 1720 Tag
1171 1675 1424 1710 verstreichen
1443 1675 1581 1709 lassen'
1607 1673 1693 1719 (eig.

952 1723 1040 1758 ‘den
1059 1723 1209 1757 Termin
1228 1722 1516 1766 verschieben’),
1540 1733 1580 1756 so
1601 1721 1696 1755 wird

950 1770 1011 1804 die
1031 1770 1162 1805 Kunde
1188 1781 1262 1804 von
1288 1769 1373 1804 dem
1392 1769 1583 1814 gestrigen
1603 1769 1696 1802 Aus-

951 1817 1017 1851 fall
1050 1829 1092 1851 zu
1125 1817 1197 1852 den
1229 1817 1319 1851 zwei
1351 1817 1449 1851 noch
1485 1816 1696 1851 entfernten

951 1865 1095 1899 Heeren
1133 1865 1319 1909 gelangen
1354 1864 1429 1898 und
1462 1863 1523 1898 die
1556 1863 1696 1897 Heran-

951 1912 1110 1955 ziehung
1171 1911 1366 1946 dei-selben
1428 1911 1695 1952 verursachen3

952 1960 1051 1993 dann
1076 1959 1126 1993 ist
1152 1970 1190 1993 es
1216 1971 1260 1992 zu
1286 1961 1380 2003 spat.

999 2006 1225 2052 desierimus]
1246 2005 1339 2049 Fut„
1365 2005 1450 2040 weil
1476 2005 1555 2039 dies
1577 2005 1698 2039 sicher

953 2066 996 2088 zu
1022 2056 1202 2088 erwarten
1228 2054 1344 2095 steht,
1375 2053 1471 2087 auch
1492 2054 1698 2097 periculum

952 2105 1002 2136 cst
1027 2113 1071 2136 ne
1098 2100 1272 2135 schliesst
1295 2100 1366 2135 den
1386 2100 1530 2145 Begriff
1545 2100 1611 2134 der
1632 2099 1698 2133 Zu-

953 2148 1062 2182 kunft
1088 2148 1125 2182 in
1152 2147 1242 2182 sich.

1003 2196 1066 2230 Cn.
1103 2196 1243 2240 Scipio]
1282 2194 1368 2229 weil
1407 2194 1528 2229 dieser
1565 2193 1700 2228 zulctzt

954 2242 1117 2287 gefallen
1144 2242 1191 2277 ist
1218 2239 1303 2285 und,
1329 2253 1404 2276 was
1427 2242 1522 2277 auch
1537 2241 1633 2285 jetzt
1657 2253 1699 2275 zu

955 2292 1135 2325 erwa-rten
1157 2289 1278 2332 stand,
1299 2301 1372 2323 von
1392 2290 1492 2324 allen
1513 2288 1592 2323 drei
1606 2288 1699 2322 Hee-

955 2348 1019 2371 ren
1045 2337 1111 2371 der
1130 2336 1266 2371 Punier
1291 2336 1523 2381 angegriffen
1548 2335 1700 2369 worden

956 2396 1042 2419 war.
1092 2383 1315 2418 Ausserdem
1342 2384 1417 2427 vgl.
1445 2388 1500 2426 36,
1530 2387 1581 2418 16.

1004 2436 1059 2466 22.
1080 2433 1128 2466 ite
1150 2459 1156 2464 .
1174 2459 1179 2465 .
1202 2431 1341 2477 curate]
1358 2430 1608 2473 asyndetisch,
1630 2429 1700 2464 wic

957 2477 1205 2521 gewtjhnlich,
1226 2488 1334 2512 wenn
1358 2477 1479 2512 01110111
1499 2477 1701 2522 lmperativ

957 2525 1017 2559 ein
1037 2524 1318 2560 aufforderndes
1344 2526 1359 2559 z·
1385 2525 1474 2558 oder
1499 2525 1546 2559 ite
1573 2535 1701 2558 voran-

957 2572 1155 2615 geschickt
1179 2571 1289 2614 wird3
1322 2583 1348 2605 Z.
1376 2571 1416 2605 Β.
1445 2572 1483 2614 1,
1512 2576 1572 2613 26,
1602 2575 1641 2605 11
1676 2572 1702 2614 τ’,

959 2621 1074 2661 lictor,
1089 2620 1233 2664 conliya
1246 2630 1386 2653 numus.
1418 2618 1522 2652 Eheu
1537 2618 1584 2652 da
1597 2619 1622 2660 i,
1644 2629 1701 2653 ca-

952 2671 1023 2711 put
1037 2667 1186 2708 obnube,
1201 2667 1389 2710 suspende,
1403 2666 1559 2700 verbera.
1593 2665 1653 2708 22,
1669 2669 1702 2709 3,

961 2718 1002 2748 13
1029 2715 1108 2755 abi,
1134 2714 1269 2748 nuntia
1293 2724 1326 2746 11.
1354 2723 1386 2747 a.
1414 2725 1460 2747 111.

1006 2762 1081 2795 dcis
1121 2762 1205 2795 bene
1241 2760 1476 2805 iuvantibus]
1523 2759 1703 2794 stehende

960 2807 1116 2850 Formel,
1143 2807 1181 2840 111
1208 2807 1273 2841 der
1296 2806 1473 2841 zuweilen
1499 2806 1565 2840 das
1593 2807 1702 2841 alter-

959 2853 1164 2888 thtnnliche
1191 2855 1285 2889 ‹liz-is
1312 2853 1514 2895 ersehciuh
1543 2854 1618 2898 vgl.
1642 2854 1703 2898 29,

1247 972 1358 999 unus
1397 957 1606 998 exercitus
1643 956 1688 996 in
1718 968 1759 998 19
