1882 3163
123 1592 166 1623 10

126 1830 166 1860 11

189 111 244 154 68
701 113 846 148 LIBER
869 113 1016 148 XXIIII.
1044 113 1144 149 CAP.
1172 118 1227 149 40.

1577 131 1603 150 a.
1632 132 1658 150 u.
1684 125 1746 152 541.

190 220 495 276 Calabriaeque
545 221 656 263 circa
705 222 924 276 litoribus,
973 223 1219 264 nuntiantes
1262 222 1509 277 Philippum
1559 224 1744 278 primum

190 281 465 334 Apolloniam
496 282 732 335 temptasse
763 281 915 322 lembis
952 282 1184 323 biremibus
1212 284 1380 323 centum
1402 282 1556 337 viginti
1575 282 1746 325 flumine

191 339 367 381 adverso
407 339 675 394 subvectum,
721 340 888 394 deinde,
932 342 979 381 ut
1016 355 1065 382 ea
1103 355 1169 382 res
1202 341 1364 383 tardior
1397 355 1471 395 spe
1504 341 1647 395 fuerit,
1694 342 1747 383 ad

191 398 364 440 Oricum
397 399 506 440 clam
533 401 657 440 nocte
678 400 908 440 exercitum
934 399 1190 454 admovisse,
1225 415 1401 454 eamque
1421 401 1587 454 urbem,
1620 401 1747 442 sitam

188 457 234 499 in
275 458 404 512 plano
454 472 588 513 neque
630 458 853 501 moenibus
893 473 1030 514 neque
1071 459 1171 500 viris
1212 462 1338 513 atque
1378 459 1506 501 armis
1549 460 1746 514 validam,

190 517 327 571 primo
372 517 535 571 impetu
579 532 825 572 oppressam
871 532 973 559 esse.
1034 518 1139 559 haec
1176 519 1425 560 nuntiantes
1458 519 1657 573 orabant,
1701 522 1748 560 ut

190 590 314 631 opem
353 576 483 618 ferret
520 576 771 632 hostemque
808 577 922 618 haud
960 577 1135 618 dubium
1168 576 1376 619 Romanis
1414 578 1522 618 mari
1554 592 1603 619 ac
1633 580 1748 620 terra

191 650 216 676 a
257 636 483 677 maritimis
522 636 699 677 urbibus
738 639 919 689 arceret,
965 651 1072 691 quae
1112 637 1166 677 ob
1205 637 1367 678 nullam
1403 637 1530 678 aliam
1563 651 1748 691 causam,

191 695 274 736 nisi
307 695 418 749 quod
449 695 721 737 imminerent
746 695 910 749 Italiae,
940 698 1197 749 peterentur.
1258 695 1315 737 M.
1340 695 1536 737 Valerius
1569 695 1748 737 duorum

190 754 355 795 milium
398 754 611 808 praesidio
656 755 791 796 relicto
834 756 1147 809 praepositoque
1192 754 1250 795 eis
1295 754 1340 797 P.
1383 754 1559 797 Valerio
1604 755 1747 810 legato

191 828 288 854 cum
321 813 455 854 classe
487 813 700 854 instructa
731 815 966 868 parataque
999 816 1058 867 et,
1091 814 1203 867 quod
1228 814 1382 869 longae
1407 828 1537 855 naves
1564 814 1749 855 militum

191 887 340 926 capere
372 887 460 914 non
492 875 708 927 poterant,
747 873 791 913 in
831 872 1046 914 onerarias
1078 872 1278 927 inpositis
1312 874 1445 915 altero
1478 873 1544 914 die
1578 872 1748 914 Oricum

190 932 403 987 pervenit3
441 932 671 985 urbemque
709 945 803 972 eam
841 932 924 972 levi
966 933 1138 972 tenente
1169 932 1401 985 praesidio,
1440 932 1553 986 quod
1584 946 1656 974 rex
1687 946 1748 973 re-

193 991 343 1032 cedens
376 991 471 1032 inde
503 991 751 1045 reliquerat,
788 990 902 1031 haud
935 1004 1092 1045 magno
1125 991 1355 1031 certamine
1387 992 1557 1045 recepit.
1617 991 1749 1046 legati

192 1064 241 1091 eo
275 1050 328 1091 ab
362 1049 593 1104 Apollonia
624 1052 833 1091 venerunt
869 1049 1114 1093 nuntiantes
1154 1049 1199 1090 in
1232 1049 1451 1092 obsidione
1484 1064 1594 1103 sese,
1638 1049 1749 1104 quod

192 1109 369 1150 deficere
402 1109 455 1150 ab
488 1108 695 1150 Romanis
737 1109 917 1163 nollent,
961 1123 1053 1150 esse
1097 1122 1233 1163 neque
1272 1109 1481 1150 sustinere
1514 1109 1626 1150 ultra
1661 1108 1750 1150 vim

190 1167 472 1209 Macedonum
504 1183 647 1222 posse,
679 1168 762 1209 nisi
794 1168 1052 1223 praesidium
1084 1167 1280 1209 mittatur
1300 1167 1554 1209 Romanum.
1615 1168 1749 1209 factu-

190 1242 286 1268 rum
325 1241 367 1268 se
406 1241 514 1281 quae
553 1227 710 1268 vellent
747 1227 964 1281 pollicitus
1003 1227 1086 1268 duo
1123 1227 1242 1268 milia
1274 1227 1532 1269 delectorum
1565 1227 1750 1268 militum

191 1286 373 1327 navibus
406 1286 547 1341 longis
579 1286 714 1328 mittit
746 1287 799 1327 ad
832 1287 990 1329 ostium
1022 1285 1209 1327 fluminis
1236 1301 1331 1327 cum
1351 1286 1566 1340 praefecto
1589 1286 1749 1327 socium

193 1346 241 1395 Q.
266 1344 429 1387 Naevio
452 1344 612 1397 Crista,
644 1346 735 1387 viro
768 1346 938 1401 inpigro
972 1348 1014 1387 et
1033 1346 1170 1400 perito
1192 1346 1381 1387 militiae.
1424 1345 1460 1386 is
1481 1345 1684 1400 expositis
1704 1345 1750 1386 in

190 1407 349 1445 terram
381 1404 588 1446 militibus
621 1405 886 1459 navibusque
908 1404 1079 1446 Oricum
1099 1407 1225 1458 retro,
1258 1404 1367 1445 unde
1388 1407 1573 1459 venerat,
1606 1404 1658 1445 ad
1685 1418 1750 1445 ce·

192 1466 328 1505 teram
354 1464 533 1505 classem
553 1464 744 1506 remissis
767 1464 925 1505 milites
945 1464 1094 1518 procul
1116 1479 1140 1505 a
1159 1463 1329 1505 flumine
1350 1468 1425 1518 per
1444 1464 1557 1504 viam
1578 1463 1750 1504 minime

193 1523 246 1564 ab
279 1523 409 1578 regiis
442 1523 661 1564 obsessam
689 1524 808 1564 duxit
829 1526 870 1564 et
889 1526 1026 1574 nocte,
1057 1523 1118 1564 ita
1136 1525 1184 1564 ut
1204 1537 1329 1564 nemo
1350 1523 1540 1564 hostium
1561 1522 1750 1577 sentiret,

193 1582 341 1623 urbem
362 1584 427 1623 est
447 1582 675 1636 ingressus.
721 1583 831 1624 diem
851 1582 1145 1637 insequentem
1166 1582 1373 1637 quievere,
1393 1582 1492 1622 dum
1512 1581 1750 1635 praefectus

191 1641 454 1682 iuventutem
491 1641 829 1696 Apolloniatium
875 1656 1076 1696 armaque
1120 1643 1162 1682 et
1199 1641 1315 1681 urbis
1355 1640 1464 1682 vires
1509 1640 1752 1694 inspiceret.

192 1700 265 1741 ubi
306 1715 355 1742 ea
392 1701 485 1741 visa
521 1701 797 1756 inspectaque
841 1701 945 1742 satis
985 1701 1226 1742 animorum
1258 1699 1413 1754 fecere,
1452 1699 1663 1754 simulque
1695 1699 1750 1740 ab

194 1759 537 1814 exploratoribus
577 1760 788 1814 conperit,
830 1762 992 1814 quanta
1025 1759 1220 1801 socordia
1253 1773 1300 1799 ac
1332 1758 1608 1813 neglegentia
1639 1757 1750 1812 apud

193 1818 338 1860 hostes
372 1821 495 1872 esset,
528 1818 698 1860 silentio
730 1820 870 1861 noctis
904 1819 957 1860 ab
990 1819 1093 1860 urbe
1127 1818 1216 1860 sine
1236 1818 1324 1859 ullo
1345 1818 1532 1859 tumultu
1554 1831 1750 1872 egressus

240 1946 353 1991 circa]
381 1946 647 1992 (adjectivisch‚
674 1946 743 1982 wie
770 1947 838 1990 oft)
866 1946 935 1981 mit

192 1992 403 2038 Beziehung
416 1994 482 2028 auf
492 1994 555 2029 des
570 1994 738 2029 Valerius
754 1994 934 2029 Stations-

194 2042 252 2075 ort
270 2041 516 2076 Brundisium.

240 2088 414 2133 primum]
443 2100 468 2122 s.
495 2101 538 2122 zu
566 2092 620 2131 16,
648 2093 679 2124 8.

242 2135 448 2180 biremibus]
464 2135 531 2169 mit
544 2135 633 2170 zwei
645 2136 785 2170 Reihen
796 2136 934 2170 Ruder·

191 2181 339 2216 banken
371 2182 565 2225 versehen,
597 2182 691 2217 doch
722 2194 845 2217 waren
877 2183 935 2217 die

193 2229 298 2263 lembi
322 2228 422 2263 klein
448 2229 522 2263 und
549 2229 697 2264 ffihrten
717 2230 768 2263 im
789 2229 936 2264 Ganzen

193 2276 391 2310 hochstens
418 2279 460 2310 16
487 2276 619 2311 Ruder.

240 2322 402 2367 flumine]
430 2323 494 2357 der
520 2324 629 2359 Aous

242 2370 404 2415 adverso]
432 2369 586 2415 Gegens.
613 2371 776 2405 seeundo.

243 2422 275 2452 3.
301 2419 392 2451 viris
418 2421 523 2462 atque
548 2418 676 2463 armis]
704 2418 763 2452 ein
789 2417 935 2462 Begriff,

196 2464 426 2510 gewohnlich
439 2466 529 2499 viris
539 2466 728 2509 ‹zo-viisque,
745 2477 771 2500 s.
784 2477 827 2498 zu
839 2469 894 2507 24,
904 2469 934 2499 8.

195 2512 326 2546 Aehnl.
353 2512 387 2555 3,
414 2516 469 2555 42,
496 2517 515 2546 2
542 2524 586 2546 ue
607 2513 695 2556 quid
709 2513 819 2546 ductu
833 2515 937 2556 atque

196 2559 360 2602 auspicio
392 2560 667 2593 decemvirorum
687 2570 857 2604 prospere
881 2570 935 2604 ye-

195 2609 333 2640 reretur
359 2606 432 2640 und
458 2606 522 2641 oft.
572 2606 759 2641 Gehorten
785 2607 843 2641 die
870 2606 936 2641 Be-

197 2652 301 2696 griffe
320 2653 425 2687 nicht
445 2664 483 2688 so
505 2665 576 2698 eng
597 2664 818 2697 zusammen,
840 2654 938 2687 dann

196 2701 333 2734 miisste
360 2704 424 2734 aut
450 2702 540 2735 statt
566 2704 669 2745 atque
695 2701 835 2735 stehen.

245 2751 276 2780 4.
298 2759 321 2781 α
340 2748 534 2782 maritimis
546 2748 713 2793 urbibus]
731 2749 833 2782 sonst
847 2748 938 2782 setzt

198 2793 238 2827 L.
266 2806 288 2827 a
312 2806 381 2828 nur
404 2794 465 2828 bei
491 2795 685 2838 Personen,
712 2795 770 2829 bei
797 2794 939 2830 Sachen

199 2841 430 2883 gewohnlich
457 2842 527 2876 den
553 2842 700 2877 blossen
726 2842 808 2876 Abl.

246 2887 484 2933 imminerent]
514 2901 540 2923 s.
568 2901 611 2923 zu
639 2894 670 2933 7,
697 2893 728 2924 3.
810 2910 814 2914 ·

1055 1950 1087 1981 5.
1113 1946 1296 1991 inpositis]
1329 1945 1399 1980 wie
1426 1946 1479 1981 oft
1504 1945 1564 1980 bei
1590 1945 1630 1979 L.
1655 1945 1750 1980 nach

1008 1994 1091 2028 dem
1119 1994 1230 2028 Sinne
1268 1992 1504 2037 construiert,
1542 1992 1629 2028 weil
1657 1993 1752 2037 quod

1007 2042 1163 2076 militum
1189 2058 1233 2070 =
1259 2042 1323 2085 qui
1347 2041 1477 2075 milites
1502 2040 1561 2075 ist.

1056 2092 1087 2122 8.
1115 2099 1194 2123 cum
1214 2088 1412 2132 praefecto]
1441 2100 1468 2121 s.
1495 2099 1539 2121 zu
1565 2090 1621 2131 20,
1649 2091 1679 2123 1.

1056 2140 1087 2171 9.
1114 2136 1223 2180 retro]
1251 2148 1278 2170 s.
1306 2148 1349 2169 zu
1376 2139 1432 2178 20,
1460 2139 1491 2169 3.

1056 2182 1246 2227 obsessam]
1274 2194 1300 2216 s.
1327 2194 1371 2215 zu
1397 2186 1452 2224 39,
1483 2186 1511 2215 1.

1058 2234 1112 2263 10.
1138 2230 1240 2273 dum]
1268 2228 1337 2262 mit
1351 2228 1466 2272 Conj.,
1493 2227 1577 2262 weil
1597 2226 1654 2261 die
1673 2226 1749 2261 Sol-

1009 2277 1120 2310 daten
1151 2275 1221 2309 mit
1246 2276 1309 2309 des
1335 2275 1591 2319 Hauptmanns
1620 2273 1749 2309 Bewil-

1008 2324 1139 2368 ligung
1165 2323 1267 2366 (oder
1293 2322 1359 2357 auf
1382 2323 1479 2357 seine
1506 2321 1749 2366 Anordnung)

1011 2371 1131 2404 ‘Ruhe
1157 2370 1315 2404 hatten'„

1056 2417 1274 2462 animorum]
1302 2416 1412 2458 Plur.,
1438 2415 1607 2461 obgleich
1621 2427 1659 2450 es
1674 2414 1752 2449 sich

1010 2465 1075 2499 auf
1086 2465 1155 2499 den
1166 2465 1360 2498 Prafecten
1373 2463 1535 2506 bezieht3
1554 2474 1579 2496 s.
1593 2474 1638 2496 zu
1650 2466 1705 2504 22,
1717 2465 1749 2496 8.

1060 2517 1113 2547 11.
1140 2513 1184 2546 ab
1210 2512 1297 2546 urbe
1322 2510 1494 2555 egressus]
1528 2508 1597 2544 wie
1623 2509 1662 2543 L.
1691 2508 1750 2543 die

1011 2559 1275 2594 Stadtenamen
1301 2557 1535 2603 gewohnlich
1553 2556 1621 2590 mit
1637 2568 1660 2590 a
1673 2567 1751 2591 ver-

1010 2607 1138 2641 bindet
1175 2606 1249 2640 und
1286 2605 1340 2640 oft
1377 2606 1420 2639 ab
1454 2604 1617 2648 Sagunto
1654 2604 1751 2637 exire

1011 2654 1091 2697 (⁶21,
1120 2657 1179 2696 14,
1208 2654 1241 2696 7)
1276 2665 1310 2686 u.
1337 2663 1369 2687 a.
1406 2652 1506 2695 sagt,
1541 2661 1578 2684 so
1613 2650 1678 2684 hat
1713 2661 1764 2693 er>

1009 2701 1135 2735 diesen
1162 2699 1354 2734 Gebrauch
1388 2698 1481 2733 auch
1512 2696 1578 2731 auf
1604 2697 1691 2731 urbs
1714 2709 1749 2731 u.

1008 2749 1179 2829 ffiffitmss'r‘
1195 2744 1750 2828 ἐξΘΞΞὲῗΞΕΠΕξῖἒὲἕῖἒῗθῗῖἓ

1312 2820 1321 2827 ,
1380 2821 1386 2827 .
1545 2818 1566 2835 ζ,

1010 2807 1135 2876 dieses}
1157 2841 1354 2884 Wendung
1384 2839 1488 2873 mehr
1519 2839 1573 2872 als
1602 2839 1638 2872 in
1664 2839 1751 2872 urbe

1010 2889 1144 2934 effredi,
1171 2887 1240 2922 wie
1266 2887 1304 2921 L.
1333 2888 1434 2921 sonst
1460 2886 1560 2930 sagt,
1587 2885 1749 2919 namlich
