1882 3163
179 90 204 108 a.
226 80 276 108 ch.
297 82 357 108 216.
649 71 795 108 LIBER
821 71 950 109 XXIII.
1001 72 1104 108 CAP.
1134 77 1188 108 13.
1218 77 1270 110 14.
1684 74 1738 114 27

177 181 311 223 renda
343 181 540 224 hostibus
574 195 648 222 seu
682 181 947 236 accipienda,
986 181 1144 236 habeo,
1178 181 1279 236 quid
1312 182 1548 223 sententiae
1582 182 1738 238 dieam3

173 241 211 282 si
243 240 293 281 de
325 240 412 294 his,
451 254 558 295 quae
589 238 718 294 Mago
758 239 967 293 postulat,
1008 240 1194 294 refertis,
1232 254 1311 282 nee
1348 241 1582 282 victoribus
1622 242 1739 283 mitti

172 299 356 341 attinere
388 301 511 354 puto,
544 300 586 340 et
616 297 927 339 frustrantibus
959 312 1038 339 nos
1066 298 1177 340 falsa
1204 302 1331 354 atque
1357 299 1474 341 inani
1502 314 1575 354 spe
1602 300 1737 343 multo

173 359 317 399 minus
351 372 500 400 censeo
533 356 744 398 mittenda
777 356 906 399 esse“.

292 416 419 458 Haud
446 417 604 458 multos
631 415 768 457 movit
785 415 1014 457 Hannonis
1042 416 1203 458 oratio:
1236 431 1336 458 nam
1363 419 1406 458 et
1425 417 1619 459 simultas
1641 432 1737 460 eum
1758 429 1777 460 6

172 475 338 518 familia
368 475 555 517 Barcina
586 475 788 516 leviorem
823 477 1041 516 auctorem
1071 474 1270 528 faciebat,
1304 479 1346 517 et
1383 477 1578 530 occupati
1604 477 1736 518 animi

172 534 387 589 praesenti
419 534 585 576 laetitia
615 533 738 587 nihil,
771 548 853 588 quo
886 533 1038 575 vanius
1070 534 1191 575 fieret
1222 534 1424 589 gaudium
1452 549 1589 589 suum,
1622 536 1735 577 auri-

172 594 251 635 bus
291 593 593 646 admittebant,
636 592 980 647 debellatumque
1019 607 1119 634 mox
1157 592 1266 646 fore,
1312 593 1348 635 si
1387 593 1523 634 adniti
1560 595 1735 648 paulum

172 651 429 705 voluissent,
460 651 679 693 rebantur.
729 651 874 706 itaque
906 652 1071 707 ingenti
1103 665 1314 693 consensu
1345 652 1395 693 fit
1427 655 1600 694 senatus
1634 667 1734 695 eon—
1756 665 1775 695 7

170 710 346 764 sultum,
379 713 426 752 ut
450 709 687 752 Hannibali
713 713 915 766 quattuor
941 710 1060 752 milia
1080 709 1366 752 Numidarum
1391 711 1436 752 in
1464 712 1734 766 supplemen-

168 771 262 811 tum
313 770 586 811 mitterentur
636 771 678 810 et
728 769 1011 825 quadraginta
1063 769 1281 823 elephanti
1326 773 1369 811 et
1412 770 1522 812 mille
1567 771 1733 826 argenti

169 828 352 883 talenta,
411 828 675 883 dictatorque
728 843 823 870 cum
866 827 1052 884 Magone
1095 829 1141 870 in
1179 828 1436 884 Hispaniam
1475 829 1631 871 missus
1670 833 1775 872 est8

169 887 221 928 ad
272 887 547 929 conducenda
597 888 752 942 viginti
802 888 924 929 milia
978 887 1194 942 peditum,
1264 891 1468 943 quattuor
1523 888 1733 943 equitum,

169 946 322 1001 quibus
373 947 608 1001 exercitus,
659 947 730 1001 qui
780 947 825 988 in
874 946 1001 988 Italia
1053 947 1208 1002 quique
1253 948 1297 988 in
1340 946 1552 1001 Hispania
1597 950 1732 1001 erant,

166 1005 479 1060 supplerentur.

287 1062 485 1106 Ceterum
507 1064 625 1119 haee,
639 1066 686 1105 ut
700 1064 744 1105 in
760 1064 956 1106 secundis
976 1065 1117 1118 rebus,
1139 1065 1329 1120 segniter
1351 1065 1570 1119 otioseque
1591 1068 1731 1120 gesta3
1750 1067 1805 1109 14

166 1122 386 1165 Romanos
401 1126 570 1178 praeter
584 1123 759 1164 insitam
773 1123 1030 1165 industriam
1043 1124 1198 1165 animis
1210 1124 1383 1165 fortuna
1396 1124 1522 1165 etiam
1541 1125 1731 1166 cunctari

165 1182 436 1235 prohibebat.
467 1197 569 1223 nam
596 1197 673 1224 nee
699 1183 847 1224 consul
869 1182 945 1224 ulli
965 1183 1044 1237 rei,
1071 1197 1179 1238 quae
1200 1197 1276 1237 per
1303 1197 1399 1224 eum
1421 1183 1586 1238 agenda
1607 1186 1731 1237 esset,

165 1240 327 1295 deerat,
367 1243 407 1282 et
436 1241 620 1283 dictator
646 1241 702 1283 M.
730 1241 879 1283 Iunius
906 1241 1015 1283 Pera
1047 1242 1173 1283 rebus
1208 1242 1361 1283 divinis
1394 1241 1596 1296 perfectis
1624 1243 1729 1284 lato·
1750 1255 1770 1285 2

164 1403 264 1446 Fut.;
304 1404 474 1449 dagegen
512 1404 671 1448 refertis,
712 1405 795 1439 weil
830 1404 908 1440 dies

168 1450 335 1496 sogleioh
362 1453 537 1486 erwartet
562 1451 664 1486 wird.

207 1510 351 1563 ponseo]
373 1510 428 1544 Im
445 1510 669 1567 Eingangu.
685 1520 743 1544 am
761 1509 907 1567 Sehlul's

162 1557 829 1640 {essssssssffitdiissgffissssezssffsss,³³³5aess
842 1557 908 1639 ἑὲἒῗ

163 1651 362 1705 grundung
388 1652 509 1687 dieser
528 1652 686 1687 Ansieht
712 1652 907 1687 bestreitet

161 1699 292 1799 {2335
312 1699 913 1800 &3222ss{regestas

163 1793 909 1883 {tidffssssrfflff‘ffisssssesssssaffsseffss‘gmvhssffl

161 1887 293 1940 halten
333 1887 396 1922 des
438 1887 711 1932 geschla-genen
750 1887 908 1922 Feindes

162 1934 419 2027 1Ἀξῗὶῖθὴξῇιὶυίι]
473 1981 568 2025 „auf
609 2010 615 2017 .
707 2009 713 2016 .
760 1981 908 2016 maehte

163 2027 385 2063 Eindruek“.
427 2049 468 2053 —
516 2029 681 2064 leviorem
726 2032 820 2064 auct.
862 2029 904 2074 fi]

163 2075 401 2119 „sehw'achte
416 2075 494 2110 sein
509 2076 706 2110 Ansehen“
716 2076 907 2130 ,derselbe

163 2122 591 2215 222211112330123122·
620 2123 908 2206 arzfflg

163 2216 287 2252 Ohren
325 2228 445 2262 gegen
479 2218 582 2253 alles.
618 2237 661 2242 ——
694 2219 816 2253 adniti
852 2219 904 2264 px]

162 2268 218 2307 21,
245 2267 278 2309 8,
304 2267 342 2307 83
377 2268 432 2309 35,
460 2268 492 2309 5,
523 2269 574 2300 11.

210 2328 240 2358 7.
280 2324 471 2369 consensu]
509 2324 711 2369 Majoritat.
741 2345 782 2350 —
816 2336 906 2370 qua-

162 2371 355 2416 drayinta]
384 2371 492 2406 Diese
519 2371 789 2407 betr'achtliche
815 2372 906 2407 Zahl

161 2419 302 2453 erklart
338 2419 416 2452 sich
456 2418 605 2461 claraus,
650 2418 730 2453 dass
766 2420 905 2454 Hanni-

161 2465 225 2500 bal
262 2466 361 2500 seine
395 2464 715 2510 Kriegselefanten
749 2466 806 2500 bis
843 2466 909 2501 auf

160 2513 276 2603 ginpg)
297 2511 464 2556 einzigen
489 2512 657 2547 verloren
695 2513 799 2547 hatte
833 2517 903 2556 (22,

166 2584 196 2602 ..,
210 2609 242 2641 8.
269 2588 442 2652 dictator]
472 2606 519 2641 So
540 2606 687 2641 werden
708 2606 767 2641 die
789 2606 905 2642 Gene-

161 2653 239 2732 {ale
280 2653 345 2688 der
383 2654 612 2744 Kartbagerh
637 2654 904 2735 {fnamfflbpi

163 2702 285 2782 oggi:
289 2704 416 2782 slent
431 2705 496 2783 a4us
517 2712 628 2783 {grtes
651 2712 821 2793 O‡?glibeas
847 2713 907 2783 bleli

163 2792 450 2885 ῗξ11ὶ13>,24,
490 2799 508 2830 7
550 2796 638 2840 (vgl.
680 2795 771 2829 auch
811 2795 905 2831 Just.

1030 1404 1135 1450 Kap.
1160 1404 1227 1451 14,
1255 1408 1363 1440 1—4.
1391 1404 1660 1450 Riistungen
1685 1405 1731 1440 in

982 1453 1100 1487 Rom.
1130 1452 1224 1497 Vgl.
1246 1451 1339 1486 Liv.
1363 1456 1418 1495 22,
1441 1456 1495 1493 57,
1518 1452 1606 1494 off,
1634 1452 1728 1488 Val.

982 1499 1092 1534 Max.
1127 1503 1158 1544 7,
1194 1504 1231 1542 6,
1266 1503 1302 1541 1;
1341 1498 1449 1544 App.
1489 1499 1626 1534 Hann.
1663 1504 1726 1543 273

982 1547 1137 1582 Zonar.
1167 1550 1205 1589 9,
1231 1550 1270 1589 2;
1304 1546 1416 1581 Flor.
1448 1551 1482 1591 1,
1511 1550 1573 1588 22,
1601 1550 1657 1582 23.

1034 1633 1063 1664 1.
1092 1629 1262 1675 ceterum]
1291 1639 1338 1663 an
1362 1628 1432 1664 den
1452 1629 1604 1673 Anfang
1630 1629 1729 1664 eines

982 1686 1101 1711 neuen
1127 1676 1365 1711 Absehnittes
1390 1676 1554 1721 gestellt,
1583 1676 1639 1712 oft
1664 1688 1727 1711 an—

982 1723 1161 1765 deutend,
1196 1723 1276 1758 dass
1301 1722 1378 1758 Liv.
1407 1735 1450 1757 zu
1482 1723 1583 1758 einer
1609 1734 1728 1759 neuen

985 1770 1113 1812 Quelle
1134 1770 1319 1814 fibergeht
1332 1771 1402 1814 (21,
1425 1774 1480 1815 57,
1503 1774 1541 1814 53
1563 1775 1618 1814 22,
1635 1775 1690 1812 36,
1708 1776 1727 1806 6

982 1829 1016 1852 u.
1044 1821 1100 1860 41,
1129 1821 1166 1860 1;
1206 1821 1263 1861 23,
1291 1821 1345 1861 19,
1375 1819 1418 1861 1).

1029 1886 1070 1917 ut
1090 1885 1130 1916 in
1151 1892 1214 1917 sec.
1235 1882 1356 1928 rebus]
1381 1882 1451 1916 Zur
1472 1882 1629 1918 Sentenz
1649 1883 1724 1927 vgl.

983 1933 1039 1972 21,
1068 1933 1124 1972 61,
1153 1933 1172 1963 2
1203 1930 1298 1974 quod
1322 1930 1433 1972 ferme
1457 1930 1511 1972 fit,
1538 1934 1579 1965 ut
1603 1940 1728 1965 secun-

982 1977 1050 2011 dae
1074 1987 1129 2011 res
1154 1978 1413 2022 vzeyleyentiam
1441 1980 1568 2012 creent.

1029 2041 1130 2087 nam]
1157 2041 1369 2086 Erklitrung
1398 2053 1441 2076 zu
1469 2042 1552 2077 dem
1579 2041 1725 2077 Gedan-

981 2087 1069 2123 ken·
1098 2089 1156 2123 die
1177 2089 1314 2124 Romer
1334 2089 1503 2134 dagegen
1524 2089 1727 2124 handelten

981 2136 1100 2171 rasch
1123 2156 1166 2161 —
1187 2136 1362 2182 deerat],
1367 2139 1514 2181 ‚entzog
1535 2136 1625 2180 sich,
1646 2147 1726 2171 ver-

981 2184 1147 2218 saumte“
1152 2183 1251 2227 ,Dio
1272 2183 1341 2239 frg.
1354 2163 1413 2229 57,
1432 2187 1476 2218 29
1498 2182 1725 2228 (Τερέντιος)

980 2228 1105 2265 πάντα
1143 2228 1188 2265 τὰ
1224 2212 1422 2275 πρόσφορα
1455 2235 1532 2271 τοῖς
1563 2231 1726 2275 παροῦσι

980 2277 1044 2312 καὶ
1071 2276 1268 2324 ἐβούλευσε
1297 2278 1362 2313 καὶ
1388 2277 1560 2323 ἔπραξεν.

1028 2352 1059 2383 2.
1097 2349 1210 2394 Pera]
1245 2348 1304 2384 ein
1331 2349 1492 2384 Zuname
1526 2349 1592 2384 der
1616 2348 1722 2391 Iunii,

980 2395 1050 2441 eig.
1091 2397 1180 2439 „der
1217 2396 1400 2431 Ranzen“.
1441 2417 1490 2448 —·
1522 2397 1591 2448 reb.
1632 2395 1722 2441 div]

980 2442 1048 2477 Die
1075 2443 1295 2496 Besorgung
1327 2443 1393 2478 der
1425 2443 1626 2495 rellgiosen
1652 2443 1724 2476 An-

980 2490 1265 2535 gelegenhexten
1287 2490 1378 2534 geht
1398 2490 1496 2525 allen
1512 2489 1725 2525 welthchen

980 2536 1205 2618 (232esthaft1en
1236 2547 1368 2579 voran,
1402 2537 1472 2571 wie
1499 2537 1558 2571 bei
1585 2537 1721 2571 Fabius

1029 2613 1034 2627 5
1113 2611 1120 2626 7
1171 2612 1177 2618 ·

1028 2653 1117 2699 lato]
1152 2654 1225 2688 Das
1258 2654 1356 2688 Part.
1390 2654 1489 2689 steht
1521 2654 1635 2689 allein
1669 2654 1725 2689 als

981 2701 1062 2736 Abl.
1085 2703 1174 2743 abs,
1197 2701 1320 2735 indem
1342 2701 1400 2736 ein
1424 2700 1724 2737 Substantivsatz

980 2748 1050 2782 mit
1075 2752 1115 2782 ut
1142 2748 1326 2792 logisehes
1353 2747 1513 2793 Subjekt
1538 2749 1632 2783 dazu
1665 2748 1722 2783 ist.

980 2794 1056 2829 Liv.
1091 2794 1243 2830 bedient
1274 2795 1351 2830 sich
1385 2795 1506 2831 dieser
1539 2795 1723 2831 Satzform

980 2842 1116 2887 haufig.
