1882 3163
167 216 188 248 8

146 627 189 659 10

147 748 187 777 11

148 1043 190 1073 12

148 1220 191 1251 13

148 1456 191 1487 14

217 110 270 151 76
747 109 891 144 LIBER
918 110 1029 145 XXV.
1070 110 1170 146 CAP.
1198 115 1253 147 38.

215 206 348 247 fuisse
381 205 566 246 maxime
599 220 815 258 censeam,
851 206 895 247 id
928 206 1139 260 optimum
1173 207 1337 248 ducere.
1398 221 1473 248 vos
1510 219 1779 261 quoqueve-

214 265 302 318 lim,
334 265 506 315 milites,
538 279 626 306 non
658 265 858 306 lamentis
891 265 1163 319 lacrimisque
1192 268 1415 320 tamquam
1442 266 1654 307 extinctos
1680 280 1780 319 pro-

216 323 335 378 sequi
371 348 420 352 —
456 324 608 364 vivunt
638 324 870 378 vigentque
903 324 1020 366 fama
1050 339 1192 366 rerum
1220 327 1437 379 gestarum
1471 349 1538 378 —,
1571 324 1644 365 sed
1676 339 1778 378 quo-

215 382 510 437 tienscumque
551 386 744 424 occurret
787 383 995 424 memoria
1037 383 1229 437 illorum,
1270 383 1388 424 velut
1430 383 1465 424 si
1507 383 1779 424 adhortantis

216 441 471 496 signumque
506 441 649 482 dantis
680 441 863 483 videatis
897 456 982 496 eos,
1012 442 1075 483 ita
1099 442 1262 496 proelia
1286 443 1405 483 inire.
1461 455 1539 483 nec
1571 442 1658 483 alia
1682 456 1779 496 pro-

214 499 327 541 fecto
362 500 524 554 species
556 500 757 542 hesterno
791 501 856 541 die
890 501 1036 542 oblata
1071 501 1205 542 oculis
1238 501 1476 555 animisque
1507 501 1660 542 vestris
1692 514 1782 542 me-

215 559 424 600 morabile
461 558 568 600 illud
608 559 739 600 edidit
778 560 1006 613 proelium,
1044 575 1127 614 quo
1161 560 1463 601 documentum
1496 559 1673 600 dedistis
1703 559 1783 601 ho·

218 618 355 659 stibus
387 632 477 659 non
511 632 607 659 cum
634 616 911 672 Scipionibus
944 619 1182 660 extinctum
1215 633 1306 660 esse
1339 632 1498 660 nomen
1521 618 1783 672 Romanum,

216 678 258 717 et
284 677 402 718 cuius
434 676 585 731 populi
611 677 674 718 vis
703 680 830 731 atque
857 678 994 718 virtus
1019 692 1108 719 non
1136 678 1290 719 obruta
1318 677 1374 718 sit
1406 676 1622 718 Cannensi
1649 677 1781 731 clade,

217 749 267 776 ex
315 736 433 777 omni
476 736 671 790 profecto
715 736 894 777 saevitia
933 736 1132 777 fortunae
1176 751 1438 777 emersuram
1482 750 1585 778 esse.
1655 750 1784 790 nunc,

220 794 321 849 quia
352 797 525 836 tantum
559 795 652 836 ausi
685 795 787 836 estis
821 798 974 849 sponte
1007 798 1168 849 vestra,
1202 796 1385 849 experiri
1416 795 1539 849 libet,
1573 797 1781 849 quantum

217 853 410 895 audeatis
450 853 554 895 duce
593 856 738 895 vestro
779 856 964 895 auctore.
1032 868 1120 894 non
1165 855 1278 895 enim
1316 854 1518 895 hesterno
1558 854 1643 906 die,
1684 868 1782 895 cum

219 912 389 967 signum
410 912 600 966 receptui
627 912 723 953 dedi
751 912 1027 966 sequentibus
1055 912 1187 954 effuse
1207 913 1330 954 vobis
1351 913 1573 954 turbatum
1598 913 1780 967 hostem,

215 971 414 1026 frangere
449 971 672 1012 audaciam
707 974 915 1025 vestram,
955 971 1028 1012 sed
1068 971 1236 1012 differre
1275 972 1321 1012 in
1359 972 1563 1013 maiorem
1596 972 1781 1026 gloriam

219 1032 346 1085 atque
380 1030 751 1084 opportunitatem
784 1030 918 1084 volui,
951 1032 1000 1071 ut
1032 1030 1261 1084 postmodo
1293 1030 1541 1084 praeparati
1572 1030 1785 1084 incautos,

218 1089 374 1130 armati
412 1090 595 1130 inermes
637 1091 763 1143 atque
803 1089 933 1130 etiam
975 1089 1140 1143 sopitos
1179 1104 1255 1143 per
1298 1089 1566 1131 occasionem
1605 1089 1782 1144 adgredi

216 1148 412 1202 possetis.
466 1162 543 1189 nec
569 1147 697 1189 huius
725 1148 963 1189 occasionis
991 1162 1131 1203 spem,
1164 1148 1336 1201 milites,
1367 1148 1479 1189 forte
1503 1151 1675 1201 temere,
1708 1147 1783 1189 sed

220 1220 269 1247 ex
301 1221 345 1247 re
378 1207 475 1261 ipsa
508 1210 760 1260 conceptam
792 1207 943 1248 habeo.
1007 1222 1031 1248 a
1062 1207 1184 1248 vobis
1211 1221 1379 1262 quoque
1405 1206 1596 1260 profecto
1624 1207 1660 1248 si
1686 1207 1784 1261 quis

219 1268 409 1319 quaerat,
443 1280 629 1320 quonam
656 1266 783 1307 modo
810 1266 936 1320 pauci
963 1280 988 1306 a
1013 1266 1173 1320 multis,
1199 1267 1301 1308 victi
1327 1280 1351 1307 a
1378 1265 1613 1307 victoribus
1641 1268 1783 1307 castra

216 1325 348 1365 tutati
381 1325 497 1379 sitis,
540 1324 648 1365 nihil
682 1325 797 1366 aliud
829 1325 1146 1378 respondeatis,
1179 1339 1308 1379 quam
1341 1325 1383 1366 id
1415 1325 1556 1379 ipsum
1588 1324 1783 1365 timentis

216 1397 293 1425 vos
327 1384 471 1425 omnia
511 1386 553 1424 et
592 1384 792 1437 operibus
830 1384 1001 1424 firmata
1038 1384 1241 1425 habuisse
1280 1387 1318 1426 et
1353 1384 1471 1438 ipsos
1512 1386 1686 1437 paratos
1718 1384 1782 1424 in-

218 1444 488 1497 structosque
521 1442 666 1484 fuisse.
729 1445 772 1484 et
803 1443 865 1484 ita
892 1457 935 1484 se
962 1457 1030 1483 res
1058 1443 1207 1485 habet:
1241 1443 1293 1484 ad
1324 1442 1382 1497 id,
1394 1443 1527 1497 *quod
1552 1457 1606 1483 ne
1631 1442 1781 1483 timea-

216 1503 287 1542 tur
325 1501 500 1543 fortuna
538 1501 659 1553 facit,
698 1501 874 1543 minime
908 1502 992 1557 tuti
1026 1504 1126 1543 sunt
1157 1501 1372 1556 homines,
1412 1502 1512 1556 quia
1557 1501 1669 1556 quod
1709 1514 1782 1542 ne-

1571 128 1597 146 a.
1619 128 1647 146 11.
1669 128 1694 147 c.
1714 122 1777 147 542.

265 1645 294 1675 8.
336 1641 501 1675 lamentis
533 1641 778 1686 lacrimisque]
810 1641 961 1675 Allitte-

215 1687 358 1730 ration,
392 1687 462 1721 wie
488 1689 615 1722 vicunt
640 1689 843 1733 vz-z'yeotitszie‘,
871 1692 889 1729 ξ
918 1692 961 1722 10

215 1736 271 1770 vis
290 1739 395 1779 atque
413 1736 545 1776 virtu&
567 1734 642 1779 vgl.
664 1734 724 1777 22,
739 1739 795 1777 49,
812 1740 832 1770 S
854 1736 960 1770 lacri-

214 1793 354 1816 marum
369 1782 458 1816 scitis
473 1783 658 1826 luctusque
677 1786 736 1817 est.
765 1781 798 1816 S.
810 1794 852 1816 zu
861 1787 893 1824 4,
906 1786 960 1816 10.

262 1829 575 1874 quotienscumque
583 1829 761 1875 ocem-ret]
776 1831 860 1874 sagt
866 1828 961 1862 Mar-

217 1875 312 1918 cius,
344 1876 470 1910 indem
502 1876 580 1910 ihm
612 1876 691 1910 sein
721 1875 961 1921 augenblick·

216 1922 335 1957 licher
371 1923 467 1957 Plan
508 1923 760 1965 vorschwebt3
797 1923 858 1957 fiir
901 1923 961 1957 die

216 1969 493 2015 Uebersetzung
531 1970 581 2004 ist
621 1973 717 2006 etwa
756 1972 854 2005 robis
891 1982 961 2015 pu-

216 2019 386 2062 ynaturis
412 2029 454 2050 zu
482 2021 672 2062 erganzen.

265 2068 296 2098 9.
330 2075 394 2099 'nec
420 2093 427 2099 .
457 2094 463 2099 .
491 2066 568 2100 alia
593 2066 724 2109 species
751 2092 757 2099 .

220 2111 310 2144 ‘und
324 2111 413 2144 kein
428 2112 582 2146 anderer
595 2111 790 2153 Umst-and,
805 2111 860 2145 als
875 2111 962 2145 dass

216 2157 297 2191 ihre
305 2157 533 2192 Erseheinun
538 2171 562 2202 g
570 2159 664 2193 euch
674 2158 947 2192 vorschwebte'
954 2186 961 2200 ,

216 2205 283 2238 hat
327 2205 392 2238 das
432 2204 591 2239 Gefecht
634 2205 961 2249 hervorgebracht,

219 2251 401 2296 ‘meglich
421 2252 609 2296 gemacht’
634 2252 854 2296 (cigentlich
875 2252 963 2286 aber

217 2298 267 2332 ist
292 2300 406 2334 edidit
432 2316 475 2328 =
503 2300 702 2342 commisit).

268 2350 320 2381 10.
350 2347 405 2381 τῖε
431 2350 536 2391 atque
560 2346 694 2391 virtus]
723 2358 749 2381 s.
778 2358 820 2379 zu
846 2350 902 2388 23,
932 2351 960 2379 1.

264 2394 495 2439 emersuram]
517 2393 713 2428 verbindet
732 2392 811 2427 Liv.
833 2393 963 2427 immer

216 2439 286 2475 mit
316 2452 359 2475 ex
391 2442 474 2484 (nur
498 2440 564 2483 22,
592 2445 629 2483 3,
659 2445 676 2474 1
705 2440 806 2475 steht
831 2441 874 2475 (Ze
894 2452 962 2484 pa-

218 2488 365 2523 ludibus
390 2489 554 2532 emersit),
582 2487 717 2522 andere
749 2486 962 2522 Historiker

217 2535 313 2568 auch
338 2534 408 2568 mit
433 2535 518 2568 dem
542 2535 694 2569 blossen
719 2534 802 2569 Abl.

268 2586 320 2615 11.
347 2583 574 2627 sequentibus
587 2582 711 2628 effuse]
727 2584 831 2616 sonst
844 2581 963 2626 pflegt

217 2629 325 2671 effuse
350 2639 417 2663 vor
443 2628 526 2662 dem
552 2628 717 2662 Verbum
745 2640 787 2662 zu
820 2629 961 2671 stehen,

217 2674 286 2709 wie
313 2680 370 2719 39,
398 2680 457 2718 153
486 2676 559 2720 vgl.
585 2680 641 2719 41,
663 2680 682 2710 2
710 2677 832 2719 effusis
851 2677 961 2720 equis,

217 2733 274 2755 wo
300 2733 374 2756 von
400 2722 472 2756 den
497 2722 657 2757 Pferden
687 2723 803 2757 selbst
828 2723 962 2766 gesagt

218 2767 283 2810 ist,
310 2780 385 2803 was
411 2781 480 2803 nur
505 2780 579 2803 von
604 2769 725 2804 ihrem
750 2769 848 2803 Lauf
870 2769 960 2814 gilt:

221 2814 286 2847 ‘im
307 2816 433 2849 vollen
453 2815 550 2850 Laus
565 2828 608 2850 zu
628 2815 773 2851 Pserde’
804 2834 847 2846 =
877 2816 961 2851 ‘mit

218 2861 447 2906 verhi'ingten
475 2863 645 2907 Ziigeln'.

788 2093 793 2098 .
822 2064 960 2110 oblata]

1083 1646 1098 1674 1
1107 1645 1136 1675 2.
1159 1641 1362 1685 postmodo]
1375 1640 1413 1674 in
1425 1640 1497 1674 den
1509 1639 1645 1675 beiden
1657 1642 1782 1674 ersten

1033 1687 1206 1722 Biichern
1238 1687 1386 1721 wendet
1411 1687 1490 1721 Liv.
1518 1687 1687 1722 daneben
1720 1687 1782 1722 (lie

1034 1734 1142 1768 Form
1162 1736 1392 1779 postmodum
1417 1745 1474 1769 an.

1080 1783 1172 1825 forte
1191 1782 1332 1827 temere]
1353 1780 1649 1826 zweigliedriges
1662 1781 1782 1825 Asyn—

1035 1829 1165 1871 deton,
1202 1828 1262 1863 die
1297 1828 1684 1873 Zusammenstellung
1716 1829 1782 1863 der

1035 1875 1360 1910 sinnverwandten
1394 1875 1545 1910 Worter
1581 1875 1672 1910 hebt
1710 1875 1783 1910 den

1035 1922 1177 1967 Begriff
1198 1923 1351 1965 hervor,
1385 1934 1424 1957 so
1451 1923 1518 1965 21,
1546 1927 1610 1966 63,
1636 1927 1656 1957 9
1689 1924 1782 1958 clam

1033 1972 1174 2014 furtim.
1226 1970 1293 2012 28,
1320 1974 1377 2013 39,
1404 1974 1424 2004 9
1451 1981 1494 2005 ex
1519 1971 1703 2014 insperato
1727 1980 1781 2005 re·

1029 2022 1155 2062 pente,
1192 2017 1394 2051 besonders
1429 2016 1483 2051 oft
1513 2018 1606 2060 forte
1639 2021 1781 2061 temere3

1035 2064 1209 2098 ahnliche
1223 2064 1442 2098 Ausdrficke
1457 2064 1540 2098 sind
1555 2065 1632 2100 luce
1638 2065 1782 2110 palam,

1035 2113 1127 2147 clam
1152 2116 1265 2155 noete,
1291 2112 1383 2155 forte
1408 2123 1495 2146 casu
1519 2123 1552 2146 U.
1581 2122 1613 2146 a.

1085 2163 1137 2193 13.
1179 2171 1201 2192 α
1226 2160 1326 2193 vobis
1351 2169 1487 2203 quoque
1505 2159 1685 2204 profecto]
1720 2157 1781 2192 die

1035 2206 1165 2239 WVorte
1196 2216 1333 2249 quoque
1351 2206 1514 2249 profecto
1545 2205 1669 2239 haben
1700 2204 1781 2238 sich

1035 2263 1082 2285 an
1102 2252 1174 2286 den
1193 2251 1371 2286 betonten
1384 2251 1528 2296 Begriff
1540 2251 1781 2296 angeschlos—

1036 2309 1116 2341 sen,
1148 2298 1270 2332 dieser
1295 2300 1383 2334 aber
1408 2301 1547 2333 miisste
1575 2298 1781 2343 eigentlich

1034 2345 1142 2381 Nom.
1170 2345 1266 2381 sein:
1298 2357 1358 2381 vos
1383 2357 1524 2391 quoque
1541 2347 1723 2390 profecto,
1748 2346 1783 2381 si

1035 2394 1116 2437 quis
1142 2405 1165 2427 a
1189 2393 1288 2428 vobis
1309 2420 1316 2427 .
1338 2421 1359 2436 .,
1385 2393 1461 2427 und
1486 2393 1581 2427 auch
1600 2392 1640 2427 in
1659 2393 1782 2427 dieser

1038 2439 1209 2484 Stellung
1246 2439 1380 2484 gehort
1416 2440 1482 2474 das
1515 2440 1780 2475 verst'arkende

1029 2488 1129 2532 prof.
1155 2486 1262 2521 nicht
1279 2498 1322 2520 zu
1342 2498 1415 2530 vos,
1442 2487 1602 2522 sondern
1621 2498 1664 2521 zu
1686 2487 1782 2522 m‘lzil

1035 2535 1140 2570 aliud
1164 2535 1420 2578 respondeatis.

1082 2586 1115 2616 et
1139 2581 1323 2627 operibus]
1351 2593 1377 2615 s.
1404 2592 1447 2614 zu
1474 2585 1505 2623 5,
1533 2586 1564 2615 3.

1081 2630 1229 2671 firmata
1258 2628 1441 2674 habuisse]
1479 2629 1572 2663 eben
1599 2638 1638 2662 50
1671 2631 1690 2670 ἓ
1718 2632 1780 2671 14;

1035 2675 1110 2720 vgl.
1137 2687 1180 2708 zu
1207 2678 1262 2717 28,
1290 2679 1321 2710 5.

1085 2726 1137 2757 14.
1165 2723 1214 2757 ad
1227 2722 1281 2767 id]
1304 2722 1379 2766 vgl.
1401 2726 1420 2764 ξ
1436 2726 1479 2757 17
1498 2721 1573 2756 und
1594 2733 1636 2756 zu
1650 2726 1706 2765 37,
1723 2726 1777 2757 13.

1081 2771 1167 2813 quia
1190 2797 1196 2803 .
1220 2796 1226 2802 .
1248 2770 1314 2813 (iel)
1340 2770 1531 2804 incautum
1550 2772 1656 2813 atque
1675 2780 1778 2813 aper—

1034 2820 1110 2850 tum
1129 2816 1276 2860 habeas]
1297 2815 1383 2850 weil
1406 2816 1521 2849 ‘man'
1540 2843 1545 2849 .
1563 2843 1569 2850 .
1591 2816 1669 2859 hat,
1691 2816 1725 2849 d.
1741 2816 1777 2851 h.

1033 2862 1118 2898 weil
1134 2874 1172 2897 es
1197 2862 1433 2898 ‘unbewacht
1451 2862 1525 2897 und
1546 2863 1775 2908 ungedeckt'
