1882 3163
97 846 139 878 10

97 1139 141 1170 15

99 1434 143 1465 20

100 1728 144 1759 25

101 2021 145 2052 30

102 2324 146 2355 35

101 2629 146 2659 40

676 202 893 248 Periocha
930 203 1039 248 libri
1076 204 1211 249 XXII.

282 305 499 347 Hannibal
530 319 605 358 per
638 305 862 347 continuas
889 306 1060 360 vigilias
1088 307 1130 347 in
1155 306 1385 360 paludibus
1415 306 1539 348 oculo
1568 306 1725 348 amisso

162 365 207 405 in
232 364 453 406 Etruriam
479 364 616 417 venit;
649 378 726 417 per
752 379 858 419 quas
890 364 1066 418 paludes
1093 365 1330 420 quadriduo
1359 367 1401 406 et
1426 364 1565 406 tribus
1592 365 1726 406 nocti-

163 423 242 464 bus
283 424 372 465 sine
410 423 498 464 ulla
537 423 683 478 requie
725 423 808 464 iter
851 423 964 465 fecit.
1027 422 1073 465 O.
1104 422 1345 465 Flaminius
1386 424 1553 478 consul,
1596 424 1727 465 homo

163 483 438 535 temerarius,
459 484 608 523 contra
631 482 823 536 auspicia
842 482 1080 536 profectus,
1109 483 1244 537 signis
1266 482 1525 524 militaribus
1548 483 1730 537 effossis,

166 555 273 596 quae
304 541 401 583 tolli
432 555 521 582 non
552 543 770 595 poterant,
813 544 855 582 et
887 541 940 582 ab
973 555 1102 596 equo,
1136 556 1262 596 quem
1294 541 1621 595 conscenderat,
1654 556 1730 596 per

164 602 294 654 caput
325 600 568 653 devolutus,
600 599 768 641 insidiis
802 600 855 641 ab
887 599 1133 642 Hannibale
1166 601 1481 642 circumventus
1515 601 1567 642 ad
1595 600 1728 642 Thra-

166 673 417 713 symennum
455 659 596 699 lacum
635 672 732 699 cum
771 659 958 700 exercitu
997 673 1143 700 caesus
1189 663 1265 701 est.
1330 674 1402 700 sex
1440 660 1576 713 milia,
1621 673 1729 714 quae

165 720 412 772 eruperant,
457 717 539 758 fide
579 717 633 758 ab
665 717 901 759 Atherbale
939 718 1041 759 data
1078 718 1256 772 perfidia
1287 718 1546 760 Hannibalis
1586 718 1730 760 vincta

167 779 277 819 sunt.
329 791 425 818 cum
458 776 511 818 ad
542 776 743 817 nuntium
770 777 900 818 cladis
921 776 1084 818 Romae
1111 777 1250 819 luctus
1280 780 1409 831 esset,
1443 777 1550 818 duae
1570 780 1729 819 matres

166 849 217 876 ex
261 836 480 890 insperato
525 836 709 889 receptis
754 835 855 876 filiis
902 835 1058 889 gaudio
1097 838 1291 877 mortuae
1333 838 1445 878 sunt.
1520 836 1574 878 ob
1619 836 1731 877 hanc

169 894 331 936 cladem
370 909 420 935 ex
459 892 681 948 Sibyllinis
727 894 848 935 libris
894 907 966 935 ver
1004 908 1171 935 sacrum
1215 898 1373 936 votum.
1443 909 1540 936 cum
1579 894 1731 936 deinde

168 952 216 1001 Q.
236 952 395 995 Fabius
414 953 628 995 Maximus
656 953 844 994 dictator
872 952 1073 994 adversus
1094 952 1385 994 Hannibalem
1412 954 1567 995 missus
1593 954 1731 995 nollet

167 1012 257 1053 acie
290 1027 385 1053 cum
419 1026 468 1053 eo
503 1011 752 1066 confligere,
783 1025 837 1051 ne
864 1013 1014 1052 contra
1039 1011 1226 1053 ferocem
1253 1014 1319 1053 tot
1344 1012 1534 1054 victoriis
1561 1012 1731 1054 hostem
1755 1065 1759 1068 .

169 1072 329 1113 territos
361 1070 550 1112 adversis
583 1070 757 1124 proeliis
788 1069 948 1111 milites
980 1083 1151 1124 pugnae
1184 1070 1487 1125 committeret,
1524 1073 1567 1112 et
1600 1086 1730 1125 oppo-

167 1129 307 1171 nendo
347 1143 392 1170 se
431 1131 601 1169 tantum
634 1130 811 1170 conatus
845 1128 1104 1170 Hannibalis
1143 1129 1388 1183 impediret,
1428 1129 1484 1171 M.
1516 1128 1731 1171 Minucius

168 1188 377 1242 magister
409 1187 618 1242 equitum,
649 1187 771 1229 ferox
804 1189 847 1228 et
877 1188 1149 1242 temerarius,
1182 1188 1447 1229 criminando
1476 1188 1731 1230 dictatorem

167 1249 388 1301 tamquam
421 1260 598 1301 segnem
631 1249 674 1288 et
711 1246 908 1287 timidum
947 1247 1108 1301 effecit,
1145 1249 1194 1288 ut
1231 1247 1381 1301 populi
1419 1247 1538 1288 iussu
1576 1261 1729 1302 aequa·

168 1309 284 1347 retur
311 1307 349 1348 ei
375 1320 470 1347 cum
497 1306 706 1347 dictatore
732 1306 976 1359 imperium3
1010 1305 1230 1360 divisoque
1256 1305 1445 1347 exercitu
1465 1320 1561 1347 cum
1582 1306 1730 1361 iniquo

169 1364 264 1406 loco
298 1365 564 1407 conflixisset
596 1367 638 1406 et
669 1365 713 1406 in
745 1364 932 1406 maximo
960 1364 1206 1406 discrimine
1238 1365 1430 1420 legiones
1459 1365 1548 1406 eius
1576 1367 1731 1418 essent,

171 1424 496 1478 superveniente
521 1438 616 1465 cum
637 1424 825 1465 exercitu
845 1422 979 1465 Fabio
999 1422 1187 1465 Maximo
1217 1423 1496 1476 [discrimine]
1524 1423 1731 1465 liberatus

171 1485 249 1524 est.
305 1497 388 1536 quo
419 1482 628 1525 beneficio
661 1483 800 1524 victus
833 1484 974 1523 castra
1006 1497 1102 1524 cum
1130 1497 1178 1524 eo
1210 1482 1350 1524 iunxit
1375 1485 1417 1524 et
1441 1485 1608 1536 patrem
1635 1497 1732 1524 eum

171 1541 374 1583 salutavit
398 1542 594 1596 idemque
621 1541 759 1583 facere
785 1540 944 1582 milites
971 1541 1109 1584 iussit.
1158 1540 1390 1595 Hannibal,
1421 1544 1591 1582 vastata
1611 1540 1732 1582 Cam-

170 1601 299 1655 pania
330 1600 444 1642 inter
477 1598 714 1641 Casilinum
748 1599 952 1654 oppidum
984 1602 1027 1640 et
1052 1599 1303 1642 Calliculam
1328 1602 1522 1642 montem
1548 1615 1573 1641 a
1598 1599 1730 1641 Fabio

172 1659 335 1712 clusus,
375 1659 603 1700 sarmentis
644 1659 698 1700 ad
736 1673 896 1700 cornua
937 1658 1067 1700 boum
1101 1659 1289 1713 alligatis
1322 1661 1364 1699 et
1395 1659 1580 1700 incensis
1611 1673 1732 1713 prae-

172 1717 327 1759 sidium
358 1718 672 1771 Romanorum,
705 1717 818 1772 quod
846 1715 1099 1758 Calliculam
1132 1717 1366 1772 insidebat,
1396 1717 1566 1771 fugavit
1598 1720 1641 1758 et
1673 1717 1733 1759 sic

167 1779 463 1832 transgressus
496 1779 562 1818 est
589 1777 756 1818 saltum.
806 1776 1002 1830 idemque
1028 1775 1136 1817 Fabi
1162 1775 1342 1817 Maximi
1369 1776 1604 1829 dictatoris,
1637 1790 1733 1817 cum

169 1836 472 1890 circumposita
503 1838 664 1889 ureret,
698 1849 802 1890 agro
835 1835 1045 1889 pepercit,
1084 1837 1132 1875 ut
1170 1835 1293 1875 illum
1331 1837 1552 1889 tamquam
1592 1834 1732 1889 prodi-

168 1896 307 1935 torem
346 1897 592 1948 suspectum
629 1894 800 1935 faceret.
868 1893 1055 1934 Aemilio
1095 1893 1247 1934 deinde
1289 1893 1423 1935 Paulo
1457 1895 1499 1934 et
1530 1893 1731 1935 Terentio

170 1951 366 1994 Varrone
405 1953 652 1994 consulibus
694 1954 771 2005 [et]
814 1952 990 1993 ducibus
1029 1966 1124 1993 cum
1163 1952 1347 1993 maxima
1379 1952 1498 1994 clade
1531 1952 1732 1994 adversus

171 2010 460 2053 Hannibalem
505 2011 556 2052 ad
597 2010 768 2053 Cannas
811 2013 1054 2065 pugnatum
1098 2013 1180 2065 est,
1224 2025 1431 2065 caesaque
1477 2025 1526 2052 eo
1570 2010 1732 2064 proelio

170 2081 460 2123 Romanorum
494 2082 612 2122 XLV
657 2096 753 2123 cum
791 2080 928 2122 Paulo
968 2081 1140 2122 consule
1186 2083 1229 2121 et
1273 2080 1540 2122 senatoribus
1577 2080 1652 2122 XO
1691 2083 1733 2122 et

171 2141 466 2181 consularibus
512 2143 586 2180 aut
629 2139 902 2193 praetoribus
943 2142 1017 2179 aut
1055 2139 1260 2180 aediliciis
1299 2138 1430 2180 XXX.
1491 2141 1591 2191 post
1624 2153 1732 2192 quae

172 2212 267 2239 cum
288 2213 313 2239 a
332 2198 549 2239 nobilibus
571 2197 912 2239 adulescentibus
938 2200 1115 2250 propter
1143 2197 1484 2249 desperationem
1508 2196 1730 2237 consilium

173 2256 223 2296 de
266 2256 547 2309 relinquenda
584 2256 711 2297 Italia
756 2255 955 2308 iniretur,
998 2255 1043 2296 P.
1083 2254 1306 2296 Cornelius
1349 2254 1489 2309 Scipio
1532 2255 1732 2296 tribunus

174 2314 379 2368 militum,
412 2314 483 2368 qui
509 2314 738 2355 Africanus
764 2316 915 2366 postea
940 2315 1118 2354 vocatus
1146 2315 1227 2366 est,
1260 2313 1408 2354 stricto
1437 2328 1564 2367 super
1589 2314 1732 2367 capita

173 2372 501 2414 deliberantium
533 2373 647 2414 ferro
681 2372 839 2412 iuravit
871 2385 915 2412 se
946 2386 1024 2425 pro
1056 2372 1179 2413 hoste
1217 2371 1465 2413 habiturum
1504 2386 1616 2424 eum,
1658 2372 1731 2426 qui

170 2431 216 2472 in
246 2432 378 2473 verba
412 2446 488 2472 sua
519 2446 606 2473 non
637 2432 837 2484 iurasset,
879 2430 1120 2484 effecitque,
1157 2432 1205 2471 ut
1238 2445 1386 2472 omnes
1418 2445 1504 2471 non
1535 2430 1732 2471 relictum

170 2490 223 2530 iri
257 2505 281 2531 a
314 2504 358 2531 se
390 2489 561 2531 Italiam
601 2490 692 2531 iure
730 2488 908 2530 iurando
943 2489 1324 2543 adstringerentur.
1385 2491 1560 2543 propter
1589 2489 1731 2542 pauci-

172 2562 305 2601 tatem
337 2561 522 2602 militum
554 2560 663 2602 VIII
697 2573 917 2601 servorum
950 2561 1115 2600 armata
1148 2561 1258 2601 sunt.
1321 2559 1500 2612 captivi,
1533 2572 1627 2599 cum
1659 2573 1730 2611 po-

171 2620 305 2659 testas
339 2622 452 2660 esset
480 2619 734 2673 redimendi,
766 2617 978 2671 redempti
1009 2632 1095 2658 non
1127 2620 1236 2659 sunt.
1299 2619 1517 2671 praeterea
1547 2616 1732 2669 trepida-

174 2677 333 2718 tionem
374 2678 491 2718 urbis
536 2680 578 2719 et
619 2679 778 2719 luctum
825 2678 867 2716 et
906 2690 972 2716 res
1014 2676 1059 2717 in
1100 2675 1311 2729 Hispania
1357 2675 1529 2716 meliore
1577 2677 1731 2716 eventu

174 2737 316 2789 gestas
350 2737 554 2777 continet.
610 2735 781 2790 Opimia
815 2737 856 2775 et
881 2733 1103 2775 Florentia
1129 2733 1325 2775 Vestales
1357 2732 1544 2787 virgines
1577 2733 1729 2774 incesti

172 2793 398 2835 damnatae
433 2797 543 2835 sunt.
607 2794 795 2836 Varroni
828 2792 1000 2833 obviam
1032 2793 1139 2834 itum
1173 2795 1215 2833 et
1246 2792 1410 2847 gratiae
1442 2794 1579 2844 actae,
1618 2792 1732 2845 quod

173 2851 221 2890 de
252 2865 296 2891 re
329 2852 501 2905 publica
534 2867 620 2894 non
653 2852 931 2907 desperasset.
