1882 3163
137 127 163 145 a.
189 118 255 146 chr.
281 127 310 145 n.
335 119 395 144 214.
649 106 795 142 LIBER
820 105 970 141 XXIIII.
998 104 1102 141 CAP.
1128 108 1183 140 29.
1212 107 1267 139 30.
1652 102 1707 142 51

138 217 254 259 sanis
293 216 451 271 coepit:
496 230 598 257 nam
636 215 698 256 ita
736 228 807 255 eos
839 227 989 267 pacem
1021 213 1237 267 pepigisse
1270 226 1366 253 cum
1398 210 1623 264 Romanis,
1661 212 1709 250 ut
1736 221 1755 251 7

139 276 393 331 quicumque
434 274 583 330 populi
626 273 704 315 sub
744 272 917 327 regibus
956 272 1157 326 fuissent,
1202 285 1303 312 suae
1341 270 1520 312 dicionis
1553 271 1709 322 essent,

136 349 214 376 nec
252 335 338 376 iam
376 334 576 375 libertate
617 346 689 373 eos
728 333 954 372 contentos
995 345 1103 383 esse,
1147 330 1233 371 nisi
1271 329 1401 370 etiam
1439 331 1622 384 regnent
1660 342 1709 369 ac

139 394 422 435 dominentur.
482 390 815 433 renuntiandum
856 389 992 444 igitur
1033 389 1093 429 eis
1137 403 1230 430 esse
1267 387 1500 430 Leontinos
1540 400 1708 442 quoque
1735 397 1755 429 8

139 466 320 507 aequom
359 465 530 493 censere
568 463 609 491 se
646 449 805 490 liberos
844 462 954 498 esse,
998 448 1065 488 vel
1103 447 1217 501 quod
1255 447 1300 488 in
1332 447 1420 488 solo
1454 446 1572 487 urbis
1607 460 1707 487 suae

140 514 352 565 tyrannus
385 509 602 563 ceciderit,
633 508 701 549 vel
733 507 847 562 quod
872 507 933 548 ibi
958 506 1146 561 primum
1172 506 1486 547 conclamatum
1508 505 1561 546 ad
1580 505 1707 546 liber-

138 572 273 611 tatem
311 569 553 622 relictisque
585 567 717 622 regiis
750 565 928 607 ducibus
963 563 1194 620 Syracusas
1228 578 1481 606 concursum
1506 565 1570 606 sit.
1626 564 1705 605 ita·
1734 575 1753 605 9

139 643 220 683 que
254 630 328 669 aut
360 626 630 668 eximendum
663 626 706 666 id
738 625 789 667 de
814 624 985 666 foedere
1013 638 1123 678 esse,
1156 626 1230 664 aut
1249 624 1388 678 legem
1409 637 1502 664 eam
1523 622 1706 664 foederis

137 701 226 729 non
258 685 560 740 accipiendam.
609 684 734 726 facile
767 683 1034 725 multitudini
1065 697 1335 737 persuasum,
1367 682 1606 737 legatisque
1627 680 1706 735 Sy·
1735 692 1777 723 10

137 760 447 787 racusanorum
491 746 533 785 et
577 744 627 785 de
673 743 800 784 caede
846 742 1048 784 stationis
1086 742 1307 783 Romanae
1348 741 1625 796 querentibus
1665 742 1707 780 ct

136 804 449 859 Hippocratem
491 805 618 857 atque
650 801 873 856 Epicyden
916 801 1032 843 abire
1073 815 1147 842 seu
1178 799 1338 842 Locros
1384 814 1460 841 seu
1499 814 1582 854 quo
1622 799 1705 840 alio

136 864 335 916 mallent,
367 862 597 903 dummodo
620 860 769 903 Sicilia
795 861 1010 914 cederent,
1042 860 1290 901 iubentibus
1310 859 1511 901 ferociter
1530 872 1706 912 respon-

137 937 232 963 sum
270 924 337 963 est
382 935 519 975 neque
561 920 789 962 mandasse
822 934 914 960 sese
949 918 1250 973 Syracusanis,
1289 920 1337 959 ut
1368 931 1518 972 pacem
1550 931 1628 971 pro
1661 931 1705 958 se
1736 928 1777 958 11

139 995 235 1023 cum
267 979 473 1022 Romanis
512 980 721 1033 facerent,
766 993 903 1033 neque
941 979 1078 1019 teneri
1111 977 1262 1019 alienis
1295 976 1551 1018 foederibus.
1602 976 1708 1017 haec
1735 986 1778 1017 12

138 1040 192 1081 ad
217 1039 436 1081 Romanos
464 1037 723 1093 Syracusani
756 1037 1001 1079 detulerunt
1028 1037 1263 1078 abnuentes
1284 1035 1519 1077 Leontinos
1552 1036 1596 1076 in
1630 1050 1707 1076 sua

137 1101 354 1153 potestate
399 1112 509 1139 esse:
552 1098 697 1152 itaque
729 1097 901 1152 integro
935 1111 1078 1137 secum
1104 1095 1273 1137 foedere
1300 1095 1462 1136 bellum
1488 1094 1706 1136 Romanos

142 1172 239 1199 cum
271 1157 323 1198 iis
357 1159 573 1211 gesturos,
605 1170 740 1210 neque
774 1170 865 1197 sese
899 1155 1119 1196 defuturos
1152 1155 1190 1195 ei
1221 1154 1354 1208 bello,
1385 1154 1447 1195 ita
1480 1155 1527 1194 ut
1558 1154 1602 1194 in
1633 1167 1707 1207 po-

136 1218 340 1257 testatem
379 1215 540 1257 redacti
573 1229 672 1256 suae
704 1229 851 1256 rursus
885 1214 1063 1255 dicionis
1096 1216 1256 1267 essent,
1302 1213 1411 1254 sicut
1442 1228 1525 1267 pax
1558 1226 1707 1253 conve-

136 1275 283 1316 nisset.

256 1333 488 1374 Marcellus
522 1347 618 1373 cum
651 1332 767 1373 omni
800 1332 987 1373 exercitu
1019 1331 1233 1386 profectus
1266 1331 1313 1372 in
1338 1330 1586 1384 Leontinos,
1619 1329 1707 1384 Ap·
1724 1329 1780 1371 30

138 1393 210 1446 pio
245 1405 412 1447 quoque
446 1391 600 1445 accito,
637 1393 685 1432 ut
717 1391 852 1432 altera
884 1394 1007 1445 parte
1041 1390 1362 1446 adgrederetur,
1403 1392 1525 1431 tanto
1560 1388 1710 1430 ardore

139 1451 328 1492 militum
360 1453 425 1491 est
455 1465 558 1491 usus
591 1450 645 1491 ab
678 1450 741 1491 ira
767 1450 880 1491 inter
907 1449 1176 1491 condiciones
1201 1449 1318 1503 pacis
1345 1448 1596 1490 interfectae
1624 1450 1706 1489 sta-

140 1510 289 1560 tionis,
320 1512 370 1550 ut
400 1509 542 1563 primo
561 1509 739 1562 ‘impetu
771 1509 921 1550 urbem
954 1510 1262 1563 expugnarent.
1324 1507 1613 1562 Hippocrates
1647 1509 1709 1548 at·
1736 1518 1756 1548 2

138 1583 218 1623 que
249 1567 466 1622 Epicydes
504 1570 735 1622 postquam
775 1568 871 1621 capi
903 1582 1047 1609 muros
1080 1567 1341 1622 refringique
1374 1569 1520 1621 portas
1554 1565 1709 1619 videre,

137 1627 183 1668 in
216 1641 356 1668 arcem
389 1641 481 1667 sese
514 1641 610 1668 cum
635 1626 785 1680 paucis
812 1640 1028 1680 recepere,
1060 1626 1160 1668 inde
1187 1627 1296 1667 clam
1322 1628 1447 1667 nocte
1468 1625 1709 1666 Herbesum

138 1685 399 1741 perfugiunt.
452 1684 734 1740 Syracusanis
774 1688 870 1727 octo
909 1685 1076 1727 milium
1110 1688 1374 1727 armatorum
1408 1684 1580 1740 agmine
1612 1698 1709 1738 pro·
1737 1696 1757 1726 3

137 1745 262 1786 fectis
301 1744 427 1786 domo
469 1743 522 1785 ad
553 1743 702 1798 Mylan
740 1744 899 1785 flumen
930 1747 1107 1785 nuntius
1142 1744 1326 1786 occurrit
1359 1746 1528 1798 captam
1560 1743 1710 1784 urbem

138 1817 251 1856 esse,
283 1806 424 1844 cetera
455 1802 565 1844 falsa
598 1803 733 1843 mixta
765 1804 874 1844 veris
907 1803 1071 1844 ferens:
1105 1803 1277 1845 caedem
1309 1803 1597 1856 promiscuam
1630 1802 1707 1842 mi-
1733 1814 1755 1844 4

135 1862 261 1903 litum
300 1865 428 1915 atque
466 1862 780 1915 oppidanorum
811 1862 989 1916 factam,
1033 1876 1109 1902 nec
1144 1862 1372 1916 quicquam
1404 1862 1612 1914 puberum
1646 1875 1709 1901 ar-

185 1981 216 2012 7.
246 1976 403 2022 reyibus]
438 1976 550 2011 n‘aml.
578 1976 696 2011 denen
722 1988 797 2011 von
823 1976 888 2021 Sy-

141 2024 264 2058 rakus.

187 2075 218 2106 9.
251 2070 492 2115 eaeimenclum]
537 2081 609 2105 von
649 2070 719 2105 den
759 2070 886 2115 Syrak.

140 2118 216 2152 und
236 2117 410 2160 Romern,
436 2127 509 2151 ozon
537 2118 787 2161 accipiendum
809 2117 887 2152 ‘ab-

144 2164 311 2210 gelehnt'
340 2176 384 2199 W.
412 2175 484 2199 von
512 2164 582 2199 den
609 2164 846 2199 Leontinern.

189 2240 242 2271 12.
269 2246 386 2269 secum
404 2235 557 2279 foedere]
586 2234 635 2269 ist
655 2245 726 2280 eng
746 2246 887 2269 zusam-

138 2283 428 2317 menzunehmen
466 2281 547 2316 ‘das
581 2281 652 2316 mit
682 2281 794 2316 ihnen
826 2283 886 2316 be-

138 2329 316 2364 stehende
342 2329 412 2371 B.’,
438 2329 513 2373 vgl.
540 2341 583 2362 zu
609 2333 640 2371 3,
671 2333 700 2362 1.

184 2377 277 2410 sicut
298 2386 378 2419 pax
404 2376 638 2421 convenisset]
660 2376 887 2411 natfirlicher

137 2426 234 2457 ware
271 2424 365 2457 sicut
402 2423 619 2456 convenisset
657 2423 753 2458 ohne
787 2434 887 2467 pem,-

138 2482 215 2504 nun
241 2469 365 2504 erhalt
389 2470 481 2503 sicut
502 2469 561 2503 die
577 2469 796 2514 Bcdcutung
815 2481 887 2505 von

143 2517 268 2551 ‘unter
293 2516 452 2551 welcher
476 2515 725 2560 Bedingung'.

188 2586 251 2622 30.
292 2585 506 2621 Leontini
533 2596 615 2620 von
642 2586 886 2621 Marcellus

141 2634 332 2669 erobert.
372 2632 452 2666 Ein
479 2632 886 2677 syrakusanisches

140 2680 411 2724 Hfilfscorps
455 2680 633 2714 wendet
676 2680 771 2714 sich
812 2691 885 2724 ge-

141 2738 225 2773 gen
257 2727 500 2770 Herbesus,
536 2727 683 2761 wohin
716 2727 886 2771 Hippo-

140 2774 295 2809 krates
322 2774 407 2808 und
432 2773 661 2818 Epikydes
688 2774 782 2808 sich
812 2785 885 2818 ge·

139 2821 340 2856 fliichtet
364 2820 520 2855 haben.

189 2872 219 2902 1.
256 2869 301 2903 ab
327 2868 403 2913 ira]
431 2880 457 2902 s.
484 2879 525 2901 zu
554 2871 609 2911 24,
636 2872 666 2902 ὁ.

1010 1977 1237 2012 condiciones
1262 1976 1385 2021 pacis]
1428 1976 1509 2010 sind
1543 1975 1623 2011 hier
1650 1976 1709 2010 die

961 2024 988 2058 F
992 2023 1498 2068 riedensunterhandlungen.

1010 2075 1041 2107 2.
1078 2072 1197 2106 videre
1219 2092 1260 2095 —
1288 2071 1459 2115 recepere]
1487 2070 1537 2104 ist
1562 2070 1622 2104 ein
1649 2069 1709 2105 bei

963 2118 1002 2152 L.
1023 2118 1128 2152 nicht
1152 2118 1320 2162 h'aufiger
1340 2118 1457 2161 Reim‚
1484 2117 1578 2151 doch
1601 2117 1708 2152 eben-

962 2177 1000 2200 so
1027 2170 1082 2208 36,
1110 2170 1142 2200 4.
1170 2169 1227 2209 41,
1254 2170 1292 2207 43
1325 2165 1561 2210 gewohnlich
1588 2165 1708 2199 wech-

961 2213 1033 2247 selt
1058 2224 1096 2247 er
1116 2212 1300 2247 zwischen
1320 2223 1376 2247 ere
1394 2224 1426 2247 u.
1450 2215 1555 2246 erunt
1575 2212 1633 2246 od.
1655 2223 1710 2246 ere

959 2272 993 2293 u.
1016 2260 1138 2294 Praes.
1160 2260 1244 2294 hist.
1266 2259 1322 2294 od.
1343 2259 1381 2293 in
1402 2259 1558 2293 andei-er
1572 2259 1708 2294 Weise.

960 2306 1212 2341 Verschieden
1228 2311 1284 2349 30,
1301 2311 1355 2350 14,
1376 2317 1432 2341 wo
1448 2316 1552 2340 orare
1567 2306 1633 2340 Inf.
1648 2306 1707 2340 ist.

1008 2354 1099 2388 clam
1118 2354 1234 2399 nocte]
1263 2354 1470 2398 Gegensatz
1491 2354 1566 2387 luce
1579 2353 1709 2397 palam

963 2400 1037 2444 (22,
1065 2404 1109 2434 24
1149 2403 1195 2444 6).

1008 2452 1039 2481 3.
1085 2427 1243 2492 abmine]
1285 2446 1365 2481 hier
1400 2446 1469 2480 mit
1502 2446 1608 2488 Gen,
1648 2445 1707 2481 die

960 2494 1185 2538 Begleitung
1217 2493 1493 2535 ausdruckend‚
1526 2493 1581 2527 oft
1613 2493 1707 2527 auch

961 2541 1073 2575 allein
1121 2540 1186 2574 ‘im
1226 2541 1340 2584 Zuge'
1388 2540 1457 2574 wie
1496 2539 1562 2583 ⁸22,
1590 2543 1652 2582 30,
1690 2545 1705 2573 l

961 2588 1104 2631 aymine
1129 2588 1338 2622 incedentes.

1010 2635 1163 2680 Mylan]
1210 2635 1329 2669 dieser
1368 2634 1488 2678 Fluss,
1533 2633 1603 2667 wie
1647 2633 1707 2668 die

961 2680 1070 2715 Stadt
1089 2681 1286 2723 Herbesus,
1310 2680 1375 2714 auf
1392 2681 1475 2714 dem
1498 2680 1613 2725 Wege
1638 2691 1707 2715 von

962 2728 1123 2772 Syrakus
1150 2729 1245 2762 nach
1271 2727 1454 2762 Leontini.

1008 2779 1039 2808 4.
1085 2776 1276 2819 quicquam
1315 2774 1509 2819 puberum]
1555 2774 1706 2809 ahnlich

960 2821 1015 2856 oft
1041 2834 1067 2855 z.
1095 2822 1133 2857 B.
1162 2822 1220 2865 23,
1248 2826 1280 2865 9,
1305 2826 1324 2855 3
1357 2822 1536 2865 quidquid
1561 2822 1706 2856 deorum

960 2872 1024 2912 est,
1053 2869 1126 2913 vgl.
1154 2882 1196 2903 zu
1224 2874 1279 2913 31,
1307 2872 1338 2904 8.

1381 2927 1422 2961 4*
