1882 3163
1528 151 1553 169 a.
1579 151 1608 170 u.
1635 151 1658 170 c.
1686 145 1748 171 541.

180 135 236 176 60
632 133 776 168 LIBER
800 133 951 169 XXIIII.
979 133 1079 169 CAP.
1109 138 1164 169 34.
1191 138 1247 169 35.

179 243 272 296 bat,
315 244 384 295 ut,
426 241 598 282 etiamsi
638 243 756 282 recta
787 240 1015 294 reciderat,
1056 241 1325 296 aliquantum
1358 256 1492 296 aquae
1526 242 1745 296 acciperet.

110 311 152 341 12
179 301 241 341 ita
282 300 500 341 maritima
541 300 807 354 oppugnatio
849 302 914 341 est
955 300 1089 354 elusa,
1134 300 1357 354 omnisque
1399 315 1497 354 spes
1529 315 1578 342 00
1611 315 1746 355 versa,

110 369 152 401 13
180 361 227 400 ut
258 359 361 400 totis
394 359 558 400 viribus
590 361 707 399 terra
732 357 1075 413 adgrederentur.
1127 359 1200 400 sed
1221 373 1270 400 ea
1290 373 1457 414 quoque
1476 373 1576 413 pars
1598 360 1746 401 eodem

180 418 297 459 omni
336 420 546 471 apparatu
584 419 898 458 tormentorum
938 418 1149 459 instructa
1187 421 1278 459 erat
1316 417 1518 459 Hieronis
1555 418 1745 472 inpensis

110 488 153 519 14
180 490 364 531 curaque
407 490 482 530 per
525 476 684 517 multos
730 490 883 530 annos,
934 475 1201 518 Archimedis
1246 477 1372 518 unica
1416 479 1519 518 arte.
1590 479 1746 518 natura

180 538 308 576 etiam
350 535 582 576 adiuvabat
620 535 723 589 loci,
769 535 881 589 quod
923 550 1091 589 saxum,
1136 536 1203 576 cui
1234 536 1423 589 inposita
1453 535 1565 576 muri
1595 535 1747 577 funda-

179 596 326 634 menta
358 597 475 648 sunt,
507 607 666 649 magna
697 596 818 647 parte
844 594 907 634 ita
932 594 1119 648 proclive
1148 597 1229 647 est,
1261 597 1309 634 ut
1333 608 1420 635 non
1446 594 1586 635 solum
1612 594 1745 635 missa

179 655 414 707 tormento,
453 653 526 694 sed
564 653 693 694 etiam
726 667 833 707 quae
866 652 1053 706 pondere
1087 667 1163 694 suo
1196 653 1424 706 provoluta
1455 655 1614 707 essent,
1654 666 1747 707 gra-

112 723 154 754 15
179 711 289 752 viter
333 712 378 752 in
421 712 590 753 hostem
633 711 881 752 inciderent.
945 711 1092 752 eadem
1131 725 1260 752 causa
1292 711 1345 752 ad
1378 711 1644 753 subeundum
1677 726 1744 752 ar-

111 783 153 814 16
180 770 311 811 duum
344 770 506 811 aditum
537 770 866 824 instabilemque
898 770 1139 824 ingressum
1170 770 1416 824 praebebat.
1477 771 1537 811 ita
1569 770 1748 812 consilio

179 829 348 882 habito,
381 829 583 883 quoniam
616 828 755 869 omnis
789 831 965 869 conatus
998 828 1181 869 ludibrio
1215 831 1343 883 esset,
1375 829 1581 870 absistere
1615 843 1749 883 oppu-

181 888 387 942 gnatione
429 891 556 942 atque
598 887 833 928 obsidendo
874 888 1045 928 tantum
1087 901 1229 928 arcere
1266 890 1381 929 terra
1412 888 1602 941 marique
1636 902 1747 929 com-

182 947 395 987 meatibus
427 946 595 987 hostem
627 946 799 999 placuit.
1408 996 1411 997 ⁷

111 1006 167 1049 35
301 1004 477 1046 Interim
498 1004 725 1046 Marcellus
759 1018 855 1045 cum
886 1004 1016 1045 tertia
1047 1003 1133 1044 fere
1166 1006 1287 1058 parte
1319 1005 1528 1046 exercitus
1562 1004 1614 1045 ad
1639 1005 1746 1045 reci-

181 1063 357 1117 piendas
402 1064 528 1104 urbes
572 1063 806 1117 profectus,
850 1077 957 1117 quae
1001 1063 1047 1103 in
1089 1066 1209 1104 motu
1252 1077 1394 1104 rerum
1435 1063 1488 1104 ad
1522 1061 1747 1118 Carthagi-

181 1122 353 1163 nienses
386 1122 647 1175 defecerant,
684 1121 894 1164 Helorum
928 1124 1056 1176 atque
1087 1121 1328 1163 Herbesum
1362 1121 1611 1163 dedentibus
1643 1122 1749 1176 ipsis

136 1194 155 1224 2
181 1181 353 1235 recipit,
394 1180 571 1236 Megara
608 1181 651 1222 vi
689 1183 814 1234 capta
853 1180 983 1221 diruit
1023 1195 1072 1222 ac
1113 1180 1291 1234 diripuit
1323 1181 1376 1221 ad
1407 1181 1668 1235 reliquorum
1701 1194 1748 1221 ac

135 1253 155 1284 3
182 1240 366 1280 maxime
400 1238 765 1294 Syracusanorum
809 1243 1029 1280 terrorem.
1091 1254 1167 1293 per
1210 1239 1322 1280 idem
1367 1239 1454 1280 fere
1495 1243 1665 1293 tempus
1707 1243 1751 1280 013

182 1298 389 1352 Himilco,
427 1299 499 1353 qui
533 1299 585 1340 ad
618 1297 813 1352 Pachyni
845 1298 1189 1352 promunturium
1223 1298 1404 1339 classem
1437 1298 1509 1339 diu
1540 1300 1750 1350 tenuerat,

184 1357 236 1398 ad
269 1356 540 1411 Heracleam,
573 1372 701 1412 quam
733 1360 890 1399 vocant
909 1356 1119 1407 Minoam,
1153 1357 1339 1411 quinque
1372 1360 1415 1398 et
1446 1356 1598 1411 viginti
1630 1357 1750 1397 milia

182 1416 393 1470 peditum,
434 1417 517 1457 tria
549 1417 758 1470 equitum,
799 1416 1021 1457 duodecim
1055 1416 1306 1470 elephantos
1341 1416 1558 1469 exposuit,
1591 1429 1748 1470 nequa-

184 1490 312 1529 quam
345 1489 441 1516 cum
474 1476 646 1529 quantis
680 1475 814 1528 copiis
847 1477 946 1516 ante
972 1477 1169 1515 tenuerat
1196 1475 1248 1515 ad
1270 1474 1520 1528 Pachynum
1547 1474 1747 1528 classem,

136 1546 158 1577 4
185 1533 259 1574 sed
297 1536 526 1588 postquam
559 1534 612 1575 ab
645 1533 924 1587 Hippocrate*
944 1536 1174 1587 occupatae
1207 1532 1443 1587 Syracusae
1476 1535 1614 1586 erant,
1652 1547 1750 1587 pro-

233 1677 286 1707 12.
322 1673 434 1717 terra]
466 1672 523 1707 ‘zu
543 1672 699 1716 Lande’,
721 1672 927 1717 Gegensatz

182 1721 279 1754 mari
312 1720 371 1754 ‘zu
396 1719 576 1761 Wasser’,
613 1719 722 1754 beide
761 1720 816 1754 oft
848 1731 928 1754 ver-

183 1767 351 1809 bunden3
378 1768 419 1801 in
444 1770 541 1801 terra
570 1767 651 1801 ‘auf
667 1767 751 1801 dem
772 1766 928 1808 Lande’,

184 1813 391 1859 Gegensatz
421 1815 461 1847 in
493 1815 607 1855 mart}
636 1814 709 1859 vgl.
738 1814 796 1857 22,
826 1818 880 1856 19,
910 1818 927 1847 1

183 1864 283 1895 terra
315 1862 478 1905 marique
510 1864 670 1904 coeptum
708 1861 837 1895 bellum
869 1864 928 1895 est.

186 1908 268 1942 ebd.
307 1912 325 1950 ξ
358 1912 380 1942 4
422 1909 545 1942 Δ11111133
581 1911 681 1942 terra
721 1918 931 1942 concurrere

186 1966 298 1989 ausus
323 1956 433 1989 classe
451 1956 505 1989 ire
530 1955 671 1989 obviam
691 1956 784 1990 hosti
801 1956 929 1999 peryit.

186 2002 266 2036 ebd.
294 2005 312 2044 ἓ
335 2006 353 2036 7
379 2003 555 2036 tumultus
577 2003 685 2045 prius
711 2003 751 2036 in
776 2006 874 2037 terra
900 2006 931 2037 et

186 2050 315 2083 castris
346 2060 455 2093 quam
482 2049 530 2083 ad
561 2060 660 2083 mare
689 2052 721 2083 et
750 2050 799 2084 ad
823 2060 932 2084 naves

186 2098 235 2130 est
261 2099 370 2129 ortus.

238 2146 289 2175 14.
317 2153 450 2186 magma
473 2143 593 2187 parte]
621 2143 670 2176 ist
690 2143 819 2184 selten,
842 2143 930 2176 hau-

185 2188 276 2233 figer
308 2200 350 2222 esc
380 2199 514 2233 magna
540 2193 666 2231 parte,
697 2189 931 2233 gewohnlich

185 2246 320 2280 magma
345 2247 388 2270 ew
408 2239 516 2280 parte
541 2235 602 2269 bei
628 2236 668 2269 L.

236 2298 288 2329 15.
327 2294 463 2339 subire]
496 2293 835 2329 ‘hinanklimmen'.

236 2356 289 2386 16.
326 2352 461 2397 arcere]
489 2354 622 2387 constr.
642 2352 710 2386 wie
728 2353 927 2396 prohibere,

185 2399 259 2443 vgl.
272 2398 331 2442 42,
349 2404 380 2442 6,
395 2403 414 2433 2
432 2403 531 2433 vetus
551 2400 728 2434 decretum
745 2400 787 2433 cle
806 2410 929 2433 arcen-

187 2447 244 2480 dis
255 2447 362 2481 aditu
372 2447 502 2489 finium
513 2446 657 2491 reyibus
667 2447 928 2483 Macedonum:

186 2494 318 2527 andei-s
345 2493 411 2536 26,
438 2497 493 2536 20,
521 2497 540 2527 7
576 2494 700 2527 classis
732 2494 850 2528 accita
883 2494 931 2527 ad

187 2541 360 2574 arcendos
397 2543 610 2574 commeatus
644 2541 827 2584 praesidii
857 2540 930 2574 Ro-

187 2598 299 2621 mam.

234 2634 518 2678 oppugnatione]
573 2645 645 2668 von
694 2634 805 2669 obsid.
852 2644 930 2668 ver-

189 2681 380 2721 schieden;
401 2680 459 2714 die
473 2681 723 2725 Bestu'rmung
739 2680 806 2715 hat
819 2684 840 2715 8
853 2680 930 2714 Mo-

189 2728 274 2761 nate
300 2727 490 2772 gedauert.

237 2796 409 2832 35-36.
452 2797 530 2832 Die
556 2796 933 2841 Einschliessung

190 2853 274 2876 von
302 2843 498 2886 Syrakus
524 2844 685 2878 dauert
709 2844 810 2878 fort.
850 2845 931 2878 Pu-

190 2888 284 2923 nier
310 2890 396 2923 und
411 2890 568 2925 111111101-
595 2891 833 2935 operiet-en
859 2902 932 2935 gc-

1002 1683 1085 1716 gen
1129 1672 1348 1706 einander
1391 1671 1474 1706 mit
1516 1670 1748 1716 geringem

1002 1719 1082 1753 Erf
1088 1719 1130 1753 ol
1139 1731 1173 1764 g.

1051 1771 1081 1801 1.
1108 1767 1149 1800 in
1174 1769 1272 1800 motu
1298 1766 1433 1810 rerum]
1461 1777 1486 1799 3.
1515 1777 1557 1799 211
1585 1769 1641 1807 28,
1671 1768 1699 1799 1.

1049 1814 1155 1858 ipsis]
1184 1813 1318 1847 eberiso
1341 1816 1472 1855 36,10:
1499 1812 1557 1846 die
1578 1811 1748 1846 Einwoh-

1005 1872 1079 1895 ner.
1131 1860 1214 1904 Vgl.
1241 1858 1301 1903 44,
1331 1863 1361 1902 7,
1389 1863 1409 1893 5
1440 1860 1603 1903 Ayassas
1627 1859 1749 1893 urbem

1004 1908 1234 1942 tradentibus
1258 1917 1349 1941 3030
1374 1907 1465 1951 ipsis
1489 1907 1629 1950 recepit.

1052 1958 1083 1988 3.
1108 1953 1292 1998 Pachyni]
1321 1965 1347 1988 s.
1376 1966 1418 1987 zu
1446 1956 1500 1995 12,
1528 1957 1559 1986 4.

1052 2002 1100 2035 ad
1122 2001 1165 2036 P.
1181 2012 1241 2044 pr.
1269 2001 1413 2034 classem
1439 1999 1617 2044 tenuerat]
1646 2011 1672 2034 s.
1691 2003 1748 2043 27,

1006 2053 1024 2061 -v

1011 2062 1036 2084 a.
1076 2047 1190 2082 Nicht
1216 2059 1260 2081 zu
1286 2047 1533 2082 verwechseln
1559 2047 1608 2080 ist
1632 2047 1681 2080 acl
1702 2046 1749 2080 P.

998 2106 1059 2139 pr.
1087 2096 1205 2129 classe
1230 2098 1345 2128 tenere
1359 2110 1403 2122 =
1421 2094 1638 2128 ‘lossteuern
1657 2092 1747 2135 auf’,

1004 2141 1122 2175 wofiir
1153 2141 1193 2176 L.
1233 2141 1328 2174 auch
1367 2141 1492 2174 classis
1529 2141 1578 2174 ad
1610 2140 1654 2175 P.
1685 2151 1746 2183 pr.

1005 2199 1150 2222 cursum
1175 2191 1266 2221 tenet
1292 2187 1380 2222 01101
1406 2187 1530 2221 classis
1557 2186 1747 2230 C'arthayi-

1003 2246 1082 2269 nem
1108 2238 1199 2269 tenet
1229 2235 1321 2278 sagt.

1050 2292 1278 2325 nequaquam
1304 2291 1381 2315 cum
1409 2280 1572 2325 quantis]
1599 2280 1649 2314 ist
1669 2290 1748 2314 ver-

1003 2328 1151 2363 kfirzter
1175 2327 1368 2362 Ausdruck
1398 2328 1491 2362 statt
1514 2338 1590 2371 neq.
1626 2330 1750 2361 tantas

1003 2376 1144 2418 copias,
1176 2386 1255 2408 cum
1287 2375 1435 2419 quantis
1467 2377 1549 2408 ante
1575 2377 1748 2408 tenuerat.

1003 2422 1091 2456 Dies
1123 2425 1246 2456 tantas
1279 2422 1400 2465 copias
1433 2421 1546 2464 (hier,
1580 2420 1650 2454 wie
1684 2420 1749 2464 oft,

1005 2485 1048 2497 =
1063 2470 1237 2510 tantulas,
1258 2479 1333 2502 was
1347 2468 1386 2502 L.
1405 2468 1509 2502 nicht
1527 2467 1747 2512 gebraucht)

1003 2515 1052 2550 ist
1077 2516 1136 2550 die
1161 2514 1386 2560 Apposition
1417 2527 1460 2548 zu
1494 2514 1564 2548 den
1596 2513 1749 2548 vorher—

1004 2562 1197 2607 gehenden
1223 2561 1482 2596 Accusativen.

1051 2614 1083 2643 4.
1121 2609 1197 2654 sed]
1233 2620 1319 2643 man
1346 2608 1538 2642 erwartete
1564 2618 1670 2648 nam;
1692 2606 1748 2650 je-

1004 2667 1067 2690 nes
1106 2656 1220 2700 ergab
1252 2655 1330 2690 sich
1368 2655 1450 2689 dem
1484 2653 1749 2689 Schriftsteller

1005 2703 1060 2736 als
1099 2702 1335 2737 erklarender
1366 2701 1572 2745 Gegensatz
1602 2712 1645 2734 zu
1683 2700 1748 2734 der

1005 2750 1095 2783 kurz
1122 2748 1450 2793 vorhergehenden
1476 2747 1672 2791 Negation.

1046 2799 1240 2840 postquam
1283 2798 1477 2838 occupatae
1520 2793 1640 2838 erant]
1687 2793 1747 2827 die

1005 2843 1128 2877 Dauer
1152 2841 1412 2884 bezeichnend,
1435 2840 1620 2875 ‘seitdem’
1643 2842 1683 2882 (s.
1705 2852 1748 2873 zu

1008 2894 1038 2934 1,
1055 2891 1089 2933 6)
1105 2906 1148 2918 =
1163 2890 1203 2924 in
1217 2891 1393 2933 potestate
1412 2890 1536 2929 erant;
1556 2887 1628 2931 vgl.
1644 2891 1699 2931 36,
1715 2889 1746 2922 8.
