<?xml version="1.0" encoding="UTF-8"?>
<!DOCTYPE html PUBLIC "-//W3C//DTD XHTML 1.0 Transitional//EN"
    "http://www.w3.org/TR/xhtml1/DTD/xhtml1-transitional.dtd">
<html xmlns="http://www.w3.org/1999/xhtml" xml:lang="en" lang="en">
 <head>
  <title>
</title>
<meta http-equiv="Content-Type" content="text/html;charset=utf-8" />
  <meta name='ocr-system' content='tesseract 3.04.00' />
  <meta name='ocr-capabilities' content='ocr_page ocr_carea ocr_par ocr_line ocrx_word'/>
</head>
<body>
  <div class='ocr_page' id='page_1' title='image "./aburbeconditalib21livyuoft/aburbeconditalib21livyuoft_0186.png"; bbox 0 0 1882 3163; ppageno 0'>
   <div class='ocr_carea' id='block_1_1' title="bbox 137 52 1707 94">
    <p class='ocr_par' dir='ltr' id='par_1_1' title="bbox 137 52 1707 94">
     <span class='ocr_line' id='line_1_1' title="bbox 137 52 1707 94; baseline 0.003 -8"><span class='ocrx_word' id='word_1_1' title='bbox 137 53 196 94; x_wconf 75' lang='grc'><strong>24</strong></span> <span class='ocrx_word' id='word_1_2' title='bbox 610 52 753 88; x_wconf 85' lang='lat' dir='ltr'><strong>LIBER</strong></span> <span class='ocrx_word' id='word_1_3' title='bbox 778 53 891 89; x_wconf 87' lang='lat' dir='ltr'>XXII.</span> <span class='ocrx_word' id='word_1_4' title='bbox 938 52 1041 88; x_wconf 88' lang='lat' dir='ltr'>CAP.</span> <span class='ocrx_word' id='word_1_5' title='bbox 1069 57 1121 88; x_wconf 90' lang='lat'><strong>13.</strong></span> <span class='ocrx_word' id='word_1_6' title='bbox 1158 57 1211 88; x_wconf 85' lang='lat'><strong>14.</strong></span> <span class='ocrx_word' id='word_1_7' title='bbox 1547 71 1572 89; x_wconf 83' lang='lat' dir='ltr'><strong>a.</strong></span> <span class='ocrx_word' id='word_1_8' title='bbox 1594 71 1624 89; x_wconf 83' lang='lat' dir='ltr'><strong>u.</strong></span> <span class='ocrx_word' id='word_1_9' title='bbox 1644 64 1707 90; x_wconf 68' lang='lat'><strong>532.</strong></span> 
     </span>
    </p>
   </div>
   <div class='ocr_carea' id='block_1_2' title="bbox 71 161 1712 1454">
    <p class='ocr_par' dir='ltr' id='par_1_2' title="bbox 144 161 1705 274">
     <span class='ocr_line' id='line_1_2' title="bbox 144 161 1705 223; baseline 0.001 -20"><span class='ocrx_word' id='word_1_10' title='bbox 144 165 187 203; x_wconf 89' lang='lat' dir='ltr'><strong>et</strong></span> <span class='ocrx_word' id='word_1_11' title='bbox 219 162 441 203; x_wconf 87' lang='lat' dir='ltr'><strong>moderato</strong></span> <span class='ocrx_word' id='word_1_12' title='bbox 473 161 735 216; x_wconf 88' lang='lat' dir='ltr'><strong>regebantur</strong></span> <span class='ocrx_word' id='word_1_13' title='bbox 772 161 970 216; x_wconf 88' lang='lat' dir='ltr'><strong>imperio,</strong></span> <span class='ocrx_word' id='word_1_14' title='bbox 1005 176 1083 203; x_wconf 89' lang='lat' dir='ltr'><strong>nec</strong></span> <span class='ocrx_word' id='word_1_15' title='bbox 1117 161 1382 223; x_wconf 85' lang='lat' dir='ltr'><strong>abnuebant,</strong></span> <span class='ocrx_word' id='word_1_16' title='bbox 1422 161 1535 215; x_wconf 89' lang='lat' dir='ltr'><strong>quod</strong></span> <span class='ocrx_word' id='word_1_17' title='bbox 1572 177 1705 204; x_wconf 89' lang='lat' dir='ltr'><strong>unum</strong></span> 
     </span>
     <span class='ocr_line' id='line_1_3' title="bbox 144 219 1078 274; baseline 0 -12"><span class='ocrx_word' id='word_1_18' title='bbox 144 221 361 263; x_wconf 86' lang='lat' dir='ltr'><strong>vinculum</strong></span> <span class='ocrx_word' id='word_1_19' title='bbox 393 220 492 261; x_wconf 88' lang='lat' dir='ltr'><strong>fidei</strong></span> <span class='ocrx_word' id='word_1_20' title='bbox 525 223 606 274; x_wconf 89' lang='lat' dir='ltr'><strong>est,</strong></span> <span class='ocrx_word' id='word_1_21' title='bbox 637 219 887 261; x_wconf 88' lang='lat' dir='ltr'><strong>melioribus</strong></span> <span class='ocrx_word' id='word_1_22' title='bbox 919 234 1078 274; x_wconf 89' lang='lat' dir='ltr'><strong>parere.</strong></span> 
     </span>
    </p>

    <p class='ocr_par' dir='ltr' id='par_1_3' title="bbox 71 278 1708 453">
     <span class='ocr_line' id='line_1_4' title="bbox 71 278 1708 345; baseline 0.001 -24"><span class='ocrx_word' id='word_1_23' title='bbox 71 278 122 314; x_wconf 83' lang='lat'><strong>14</strong></span> <span class='ocrx_word' id='word_1_24' title='bbox 264 279 325 321; x_wconf 92' lang='lat' dir='ltr'><strong>Ut</strong></span> <span class='ocrx_word' id='word_1_25' title='bbox 352 293 471 332; x_wconf 89' lang='lat' dir='ltr'><strong>vero,</strong></span> <span class='ocrx_word' id='word_1_26' title='bbox 489 282 714 345; x_wconf 70' lang='lat' dir='ltr'><strong>postquam</strong></span> <span class='ocrx_word' id='word_1_27' title='bbox 740 279 792 320; x_wconf 89' lang='lat' dir='ltr'><strong>ad</strong></span> <span class='ocrx_word' id='word_1_28' title='bbox 806 278 1067 320; x_wconf 75' lang='lat' dir='ltr'><strong>Vulturnum</strong></span> <span class='ocrx_word' id='word_1_29' title='bbox 1092 280 1252 321; x_wconf 90' lang='lat' dir='ltr'><strong>flumen</strong></span> <span class='ocrx_word' id='word_1_30' title='bbox 1273 282 1414 321; x_wconf 89' lang='lat' dir='ltr'><strong>castra</strong></span> <span class='ocrx_word' id='word_1_31' title='bbox 1434 283 1535 321; x_wconf 89' lang='lat' dir='ltr'><strong>sunt</strong></span> <span class='ocrx_word' id='word_1_32' title='bbox 1554 281 1708 336; x_wconf 84' lang='lat' dir='ltr'><strong>posita,</strong></span> 
     </span>
     <span class='ocr_line' id='line_1_5' title="bbox 145 337 1702 392; baseline 0.001 -12"><span class='ocrx_word' id='word_1_33' title='bbox 145 339 403 380; x_wconf 68' lang='lat' dir='ltr'><strong>exurebatur</strong></span> <span class='ocrx_word' id='word_1_34' title='bbox 425 337 752 380; x_wconf 87' lang='lat' dir='ltr'><strong>amoenissimus</strong></span> <span class='ocrx_word' id='word_1_35' title='bbox 771 337 925 379; x_wconf 90' lang='lat' dir='ltr'><strong>Italiae</strong></span> <span class='ocrx_word' id='word_1_36' title='bbox 952 352 1054 392; x_wconf 87' lang='lat' dir='ltr'><strong>ager</strong></span> <span class='ocrx_word' id='word_1_37' title='bbox 1079 339 1288 392; x_wconf 90' lang='lat' dir='ltr'><strong>villaeque</strong></span> <span class='ocrx_word' id='word_1_38' title='bbox 1314 339 1477 392; x_wconf 88' lang='lat' dir='ltr'><strong>passim</strong></span> <span class='ocrx_word' id='word_1_39' title='bbox 1495 339 1702 385; x_wconf 84' lang='lat' dir='ltr'><strong>incendiis</strong></span> 
     </span>
     <span class='ocr_line' id='line_1_6' title="bbox 145 396 1707 453; baseline 0.001 -15"><span class='ocrx_word' id='word_1_40' title='bbox 145 397 372 439; x_wconf 86' lang='lat' dir='ltr'><strong>fumabant</strong></span> <span class='ocrx_word' id='word_1_41' title='bbox 402 411 478 452; x_wconf 89' lang='lat' dir='ltr'><strong>per</strong></span> <span class='ocrx_word' id='word_1_42' title='bbox 510 397 612 451; x_wconf 89' lang='lat' dir='ltr'><strong>iuga</strong></span> <span class='ocrx_word' id='word_1_43' title='bbox 642 396 819 438; x_wconf 80' lang='lat' dir='ltr'>Massici</span> <span class='ocrx_word' id='word_1_44' title='bbox 856 397 1016 438; x_wconf 91' lang='lat' dir='ltr'><strong>montis</strong></span> <span class='ocrx_word' id='word_1_45' title='bbox 1047 396 1182 439; x_wconf 86' lang='lat' dir='ltr'><strong>Fabio</strong></span> <span class='ocrx_word' id='word_1_46' title='bbox 1217 397 1412 451; x_wconf 78' lang='lat' dir='ltr'><strong>ducente,</strong></span> <span class='ocrx_word' id='word_1_47' title='bbox 1450 400 1543 439; x_wconf 89' lang='lat' dir='ltr'><strong>tum</strong></span> <span class='ocrx_word' id='word_1_48' title='bbox 1574 413 1707 453; x_wconf 80' lang='lat' dir='ltr'>prope</span> 
     </span>
    </p>

    <p class='ocr_par' dir='ltr' id='par_1_4' title="bbox 96 455 1711 1157">
     <span class='ocr_line' id='line_1_7' title="bbox 97 455 1707 511; baseline 0.001 -14"><span class='ocrx_word' id='word_1_49' title='bbox 97 462 117 492; x_wconf 81' lang='lat'>2</span> <span class='ocrx_word' id='word_1_50' title='bbox 149 457 199 497; x_wconf 92' lang='lat' dir='ltr'><strong>de</strong></span> <span class='ocrx_word' id='word_1_51' title='bbox 231 457 401 511; x_wconf 87' lang='lat' dir='ltr'><strong>integro</strong></span> <span class='ocrx_word' id='word_1_52' title='bbox 436 455 587 498; x_wconf 85' lang='lat' dir='ltr'><strong>seditio</strong></span> <span class='ocrx_word' id='word_1_53' title='bbox 621 470 825 510; x_wconf 80' lang='lat' dir='ltr'><strong>accensa3</strong></span> <span class='ocrx_word' id='word_1_54' title='bbox 865 457 1115 510; x_wconf 75' lang='lat' dir='ltr'><strong>quieverant</strong></span> <span class='ocrx_word' id='word_1_55' title='bbox 1156 456 1269 497; x_wconf 88' lang='lat' dir='ltr'><strong>enim</strong></span> <span class='ocrx_word' id='word_1_56' title='bbox 1306 471 1382 510; x_wconf 90' lang='lat' dir='ltr'><strong>per</strong></span> <span class='ocrx_word' id='word_1_57' title='bbox 1413 470 1572 511; x_wconf 88' lang='lat' dir='ltr'><strong>paucos</strong></span> <span class='ocrx_word' id='word_1_58' title='bbox 1605 457 1707 511; x_wconf 89' lang='lat' dir='ltr'><strong>dies,</strong></span> 
     </span>
     <span class='ocr_line' id='line_1_8' title="bbox 147 514 1706 570; baseline 0.001 -14"><span class='ocrx_word' id='word_1_59' title='bbox 147 516 265 569; x_wconf 88' lang='lat' dir='ltr'><strong>quia,</strong></span> <span class='ocrx_word' id='word_1_60' title='bbox 310 530 405 556; x_wconf 89' lang='lat' dir='ltr'><strong>cum</strong></span> <span class='ocrx_word' id='word_1_61' title='bbox 444 514 621 556; x_wconf 86' lang='lat' dir='ltr'><strong>celerius</strong></span> <span class='ocrx_word' id='word_1_62' title='bbox 661 515 788 556; x_wconf 88' lang='lat' dir='ltr'><strong>solito</strong></span> <span class='ocrx_word' id='word_1_63' title='bbox 828 514 1003 556; x_wconf 87' lang='lat' dir='ltr'><strong>ductum</strong></span> <span class='ocrx_word' id='word_1_64' title='bbox 1042 529 1196 570; x_wconf 83' lang='lat' dir='ltr'><strong>agmen</strong></span> <span class='ocrx_word' id='word_1_65' title='bbox 1241 517 1372 568; x_wconf 88' lang='lat' dir='ltr'><strong>esset,</strong></span> <span class='ocrx_word' id='word_1_66' title='bbox 1418 515 1615 556; x_wconf 87' lang='lat' dir='ltr'><strong>festinari</strong></span> <span class='ocrx_word' id='word_1_67' title='bbox 1653 517 1706 558; x_wconf 88' lang='lat' dir='ltr'><strong>ad</strong></span> 
     </span>
     <span class='ocr_line' id='line_1_9' title="bbox 97 572 1707 628; baseline 0.001 -13"><span class='ocrx_word' id='word_1_68' title='bbox 97 580 116 610; x_wconf 87' lang='lat'><strong>3</strong></span> <span class='ocrx_word' id='word_1_69' title='bbox 146 574 457 628; x_wconf 84' lang='lat' dir='ltr'><strong>prohibendam</strong></span> <span class='ocrx_word' id='word_1_70' title='bbox 488 574 837 628; x_wconf 73' lang='lat' dir='ltr'><strong>populationibus</strong></span> <span class='ocrx_word' id='word_1_71' title='bbox 872 572 1154 628; x_wconf 81' lang='lat' dir='ltr'><strong>Campaniam</strong></span> <span class='ocrx_word' id='word_1_72' title='bbox 1187 574 1466 615; x_wconf 73' lang='lat' dir='ltr'><strong>crediderant.</strong></span> <span class='ocrx_word' id='word_1_73' title='bbox 1527 577 1575 615; x_wconf 89' lang='lat' dir='ltr'><strong>ut</strong></span> <span class='ocrx_word' id='word_1_74' title='bbox 1605 590 1707 617; x_wconf 82' lang='lat' dir='ltr'><strong>vero</strong></span> 
     </span>
     <span class='ocr_line' id='line_1_10' title="bbox 146 632 1707 687; baseline 0.001 -13"><span class='ocrx_word' id='word_1_75' title='bbox 146 634 189 674; x_wconf 88' lang='lat' dir='ltr'><strong>in</strong></span> <span class='ocrx_word' id='word_1_76' title='bbox 222 635 413 674; x_wconf 81' lang='lat' dir='ltr'><strong>extrema</strong></span> <span class='ocrx_word' id='word_1_77' title='bbox 443 633 545 687; x_wconf 87' lang='lat' dir='ltr'><strong>iuga</strong></span> <span class='ocrx_word' id='word_1_78' title='bbox 576 632 751 674; x_wconf 87' lang='lat' dir='ltr'><strong>Massici</strong></span> <span class='ocrx_word' id='word_1_79' title='bbox 782 633 942 674; x_wconf 88' lang='lat' dir='ltr'><strong>montis</strong></span> <span class='ocrx_word' id='word_1_80' title='bbox 975 636 1171 682; x_wconf 89' lang='lat' dir='ltr'><strong>ventum,</strong></span> <span class='ocrx_word' id='word_1_81' title='bbox 1207 636 1250 674; x_wconf 90' lang='lat' dir='ltr'><strong>et</strong></span> <span class='ocrx_word' id='word_1_82' title='bbox 1280 633 1426 674; x_wconf 86' lang='lat' dir='ltr'><strong>hostes</strong></span> <span class='ocrx_word' id='word_1_83' title='bbox 1460 634 1538 674; x_wconf 94' lang='lat' dir='ltr'><strong>sub</strong></span> <span class='ocrx_word' id='word_1_84' title='bbox 1572 635 1707 676; x_wconf 88' lang='lat' dir='ltr'><strong>oculis</strong></span> 
     </span>
     <span class='ocr_line' id='line_1_11' title="bbox 147 690 1707 747; baseline 0.001 -14"><span class='ocrx_word' id='word_1_85' title='bbox 147 694 271 733; x_wconf 87' lang='lat' dir='ltr'><strong>erant</strong></span> <span class='ocrx_word' id='word_1_86' title='bbox 301 692 475 733; x_wconf 83' lang='lat' dir='ltr'><strong>Falerni</strong></span> <span class='ocrx_word' id='word_1_87' title='bbox 508 692 601 747; x_wconf 90' lang='lat' dir='ltr'><strong>agri</strong></span> <span class='ocrx_word' id='word_1_88' title='bbox 634 692 967 746; x_wconf 86' lang='lat' dir='ltr'><strong>colonorumque</strong></span> <span class='ocrx_word' id='word_1_89' title='bbox 1000 690 1237 733; x_wconf 79' lang='lat' dir='ltr'><strong>Sinuessae</strong></span> <span class='ocrx_word' id='word_1_90' title='bbox 1259 694 1373 733; x_wconf 89' lang='lat' dir='ltr'><strong>tecta</strong></span> <span class='ocrx_word' id='word_1_91' title='bbox 1404 695 1592 746; x_wconf 91' lang='lat' dir='ltr'><strong>urentes,</strong></span> <span class='ocrx_word' id='word_1_92' title='bbox 1630 708 1707 735; x_wconf 90' lang='lat' dir='ltr'><strong>nec</strong></span> 
     </span>
     <span class='ocr_line' id='line_1_12' title="bbox 96 750 1711 806; baseline 0.001 -14"><span class='ocrx_word' id='word_1_93' title='bbox 96 757 118 786; x_wconf 82' lang='grc'>4</span> <span class='ocrx_word' id='word_1_94' title='bbox 146 751 234 792; x_wconf 87' lang='grc'>11113</span> <span class='ocrx_word' id='word_1_95' title='bbox 267 754 358 792; x_wconf 87' lang='lat' dir='ltr'><strong>erat</strong></span> <span class='ocrx_word' id='word_1_96' title='bbox 389 751 551 792; x_wconf 90' lang='lat' dir='ltr'><strong>mentio</strong></span> <span class='ocrx_word' id='word_1_97' title='bbox 583 765 772 805; x_wconf 83' lang='lat' dir='ltr'><strong>pugnae,</strong></span> <span class='ocrx_word' id='word_1_98' title='bbox 803 753 1069 804; x_wconf 88' lang='lat' dir='ltr'><strong>„spectatum</strong></span> <span class='ocrx_word' id='word_1_99' title='bbox 1095 750 1204 792; x_wconf 79' lang='lat' dir='ltr'><strong>huc“</strong></span> <span class='ocrx_word' id='word_1_100' title='bbox 1230 751 1369 805; x_wconf 87' lang='lat' dir='ltr'><strong>inquit</strong></span> <span class='ocrx_word' id='word_1_101' title='bbox 1388 750 1607 797; x_wconf 86' lang='grc' dir='ltr'>Μ1111161113</span> <span class='ocrx_word' id='word_1_102' title='bbox 1637 756 1711 806; x_wconf 70' lang='lat' dir='ltr'><strong>„ut</strong></span> 
     </span>
     <span class='ocr_line' id='line_1_13' title="bbox 146 809 1707 864; baseline 0 -13"><span class='ocrx_word' id='word_1_103' title='bbox 146 810 201 851; x_wconf 90' lang='lat' dir='ltr'><strong>ad</strong></span> <span class='ocrx_word' id='word_1_104' title='bbox 227 825 318 851; x_wconf 90' lang='lat' dir='ltr'><strong>rem</strong></span> <span class='ocrx_word' id='word_1_105' title='bbox 345 809 568 851; x_wconf 78' lang='lat' dir='ltr'><strong>fruendam</strong></span> <span class='ocrx_word' id='word_1_106' title='bbox 592 810 738 863; x_wconf 89' lang='lat' dir='ltr'><strong>oculis,</strong></span> <span class='ocrx_word' id='word_1_107' title='bbox 765 810 977 851; x_wconf 90' lang='lat' dir='ltr'><strong>sociorum</strong></span> <span class='ocrx_word' id='word_1_108' title='bbox 1005 810 1154 851; x_wconf 90' lang='lat' dir='ltr'><strong>caedes</strong></span> <span class='ocrx_word' id='word_1_109' title='bbox 1182 812 1224 851; x_wconf 90' lang='lat' dir='ltr'><strong>et</strong></span> <span class='ocrx_word' id='word_1_110' title='bbox 1251 810 1457 864; x_wconf 86' lang='lat' dir='ltr'><strong>incendia,</strong></span> <span class='ocrx_word' id='word_1_111' title='bbox 1483 810 1707 852; x_wconf 78' lang='lat' dir='ltr'><strong>venimus?</strong></span> 
     </span>
     <span class='ocr_line' id='line_1_14' title="bbox 146 868 1710 923; baseline 0.001 -13"><span class='ocrx_word' id='word_1_112' title='bbox 146 883 245 923; x_wconf 92' lang='lat' dir='ltr'><strong>nec,</strong></span> <span class='ocrx_word' id='word_1_113' title='bbox 279 869 315 910; x_wconf 90' lang='lat' dir='ltr'><strong>si</strong></span> <span class='ocrx_word' id='word_1_114' title='bbox 352 869 514 910; x_wconf 90' lang='lat' dir='ltr'><strong>nullius</strong></span> <span class='ocrx_word' id='word_1_115' title='bbox 548 869 726 910; x_wconf 88' lang='lat' dir='ltr'><strong>alterius</strong></span> <span class='ocrx_word' id='word_1_116' title='bbox 765 883 862 922; x_wconf 89' lang='lat' dir='ltr'>nos,</span> <span class='ocrx_word' id='word_1_117' title='bbox 899 883 952 909; x_wconf 92' lang='lat' dir='ltr'><strong>ne</strong></span> <span class='ocrx_word' id='word_1_118' title='bbox 986 869 1142 909; x_wconf 87' lang='lat' dir='ltr'><strong>civium</strong></span> <span class='ocrx_word' id='word_1_119' title='bbox 1174 883 1245 922; x_wconf 79' lang='lat' dir='ltr'><strong>qm</strong></span> <span class='ocrx_word' id='word_1_120' title='bbox 1234 868 1344 909; x_wconf 87' lang='grc'>1(16111</span> <span class='ocrx_word' id='word_1_121' title='bbox 1376 868 1528 910; x_wconf 90' lang='lat' dir='ltr'><strong>horum</strong></span> <span class='ocrx_word' id='word_1_122' title='bbox 1567 870 1710 923; x_wconf 87' lang='lat' dir='ltr'><strong>pudet,</strong></span> 
     </span>
     <span class='ocr_line' id='line_1_15' title="bbox 97 926 1710 982; baseline 0.002 -16"><span class='ocrx_word' id='word_1_123' title='bbox 97 934 118 965; x_wconf 93' lang='lat'>5</span> <span class='ocrx_word' id='word_1_124' title='bbox 148 942 255 982; x_wconf 89' lang='lat' dir='ltr'><strong>quos</strong></span> <span class='ocrx_word' id='word_1_125' title='bbox 291 926 538 969; x_wconf 79' lang='lat' dir='ltr'><strong>Sinuessam</strong></span> <span class='ocrx_word' id='word_1_126' title='bbox 571 928 747 969; x_wconf 87' lang='lat' dir='ltr'><strong>colonos</strong></span> <span class='ocrx_word' id='word_1_127' title='bbox 773 930 918 982; x_wconf 87' lang='lat' dir='ltr'><strong>patres</strong></span> <span class='ocrx_word' id='word_1_128' title='bbox 945 928 1083 968; x_wconf 89' lang='lat' dir='ltr'><strong>nostri</strong></span> <span class='ocrx_word' id='word_1_129' title='bbox 1109 928 1337 981; x_wconf 88' lang='lat' dir='ltr'><strong>miserunt,</strong></span> <span class='ocrx_word' id='word_1_130' title='bbox 1364 930 1412 968; x_wconf 89' lang='lat' dir='ltr'><strong>ut</strong></span> <span class='ocrx_word' id='word_1_131' title='bbox 1437 928 1490 969; x_wconf 90' lang='lat' dir='ltr'><strong>ab</strong></span> <span class='ocrx_word' id='word_1_132' title='bbox 1517 926 1710 970; x_wconf 75' lang='lat' dir='ltr'><strong>Samnite</strong></span> 
     </span>
     <span class='ocr_line' id='line_1_16' title="bbox 143 985 1709 1041; baseline 0.001 -13"><span class='ocrx_word' id='word_1_133' title='bbox 143 987 269 1028; x_wconf 87' lang='lat' dir='ltr'><strong>hoste</strong></span> <span class='ocrx_word' id='word_1_134' title='bbox 295 989 389 1028; x_wconf 89' lang='lat' dir='ltr'><strong>tuta</strong></span> <span class='ocrx_word' id='word_1_135' title='bbox 414 987 520 1028; x_wconf 88' lang='lat' dir='ltr'><strong>haec</strong></span> <span class='ocrx_word' id='word_1_136' title='bbox 547 1001 622 1028; x_wconf 90' lang='lat' dir='ltr'><strong>ora</strong></span> <span class='ocrx_word' id='word_1_137' title='bbox 655 989 783 1039; x_wconf 90' lang='lat' dir='ltr'><strong>esset,</strong></span> <span class='ocrx_word' id='word_1_138' title='bbox 816 1000 943 1039; x_wconf 87' lang='lat' dir='ltr'><strong>quam</strong></span> <span class='ocrx_word' id='word_1_139' title='bbox 963 1000 1075 1026; x_wconf 90' lang='lat' dir='ltr'><strong>nunc</strong></span> <span class='ocrx_word' id='word_1_140' title='bbox 1102 1000 1187 1027; x_wconf 90' lang='lat' dir='ltr'><strong>non</strong></span> <span class='ocrx_word' id='word_1_141' title='bbox 1215 986 1380 1027; x_wconf 82' lang='lat' dir='ltr'><strong>vicinus</strong></span> <span class='ocrx_word' id='word_1_142' title='bbox 1409 985 1578 1028; x_wconf 79' lang='lat' dir='ltr'><strong>Samnis</strong></span> <span class='ocrx_word' id='word_1_143' title='bbox 1611 988 1709 1041; x_wconf 86' lang='lat' dir='ltr'><strong>urit,</strong></span> 
     </span>
     <span class='ocr_line' id='line_1_17' title="bbox 150 1045 1711 1099; baseline 0.001 -13"><span class='ocrx_word' id='word_1_144' title='bbox 150 1046 224 1087; x_wconf 88' lang='lat' dir='ltr'><strong>sed</strong></span> <span class='ocrx_word' id='word_1_145' title='bbox 249 1046 420 1087; x_wconf 89' lang='lat' dir='ltr'><strong>Poenus</strong></span> <span class='ocrx_word' id='word_1_146' title='bbox 454 1046 637 1099; x_wconf 86' lang='lat' dir='ltr'><strong>advena,</strong></span> <span class='ocrx_word' id='word_1_147' title='bbox 665 1045 716 1085; x_wconf 92' lang='lat' dir='ltr'><strong>ab</strong></span> <span class='ocrx_word' id='word_1_148' title='bbox 745 1045 946 1086; x_wconf 82' lang='lat' dir='ltr'><strong>extremis</strong></span> <span class='ocrx_word' id='word_1_149' title='bbox 968 1045 1082 1086; x_wconf 93' lang='lat' dir='ltr'><strong>orbis</strong></span> <span class='ocrx_word' id='word_1_150' title='bbox 1108 1047 1322 1086; x_wconf 90' lang='lat' dir='ltr'><strong>terrarum</strong></span> <span class='ocrx_word' id='word_1_151' title='bbox 1347 1045 1541 1086; x_wconf 88' lang='lat' dir='ltr'><strong>terminis</strong></span> <span class='ocrx_word' id='word_1_152' title='bbox 1562 1049 1711 1087; x_wconf 87' lang='lat' dir='ltr'><strong>nostra</strong></span> 
     </span>
     <span class='ocr_line' id='line_1_18' title="bbox 101 1103 1709 1158; baseline 0 -13"><span class='ocrx_word' id='word_1_153' title='bbox 101 1110 120 1140; x_wconf 86' lang='grc'><strong>6</strong></span> <span class='ocrx_word' id='word_1_154' title='bbox 149 1104 420 1146; x_wconf 89' lang='lat' dir='ltr'><strong>cunctatione</strong></span> <span class='ocrx_word' id='word_1_155' title='bbox 454 1107 495 1145; x_wconf 90' lang='lat' dir='ltr'><strong>et</strong></span> <span class='ocrx_word' id='word_1_156' title='bbox 528 1104 724 1145; x_wconf 86' lang='lat' dir='ltr'><strong>socordia</strong></span> <span class='ocrx_word' id='word_1_157' title='bbox 755 1104 841 1144; x_wconf 86' lang='lat' dir='ltr'><strong>iam</strong></span> <span class='ocrx_word' id='word_1_158' title='bbox 872 1103 955 1144; x_wconf 86' lang='lat' dir='ltr'><strong>huc</strong></span> <span class='ocrx_word' id='word_1_159' title='bbox 986 1103 1274 1158; x_wconf 79' lang='lat' dir='ltr'><strong>progressus?</strong></span> <span class='ocrx_word' id='word_1_160' title='bbox 1307 1106 1476 1144; x_wconf 84' lang='lat' dir='ltr'><strong>tantum</strong></span> <span class='ocrx_word' id='word_1_161' title='bbox 1507 1106 1603 1157; x_wconf 76' lang='lat' dir='ltr'><strong>pro!</strong></span> <span class='ocrx_word' id='word_1_162' title='bbox 1644 1105 1709 1145; x_wconf 89' lang='lat' dir='ltr'><strong>de-</strong></span> 
     </span>
    </p>

    <p class='ocr_par' dir='ltr' id='par_1_5' title="bbox 148 1162 1710 1228">
     <span class='ocr_line' id='line_1_19' title="bbox 148 1162 1710 1228; baseline 0 -24"><span class='ocrx_word' id='word_1_163' title='bbox 148 1177 403 1219; x_wconf 80' lang='lat' dir='ltr'><strong>generamus</strong></span> <span class='ocrx_word' id='word_1_164' title='bbox 437 1178 461 1203; x_wconf 88' lang='lat' dir='ltr'><strong>a</strong></span> <span class='ocrx_word' id='word_1_165' title='bbox 482 1163 676 1217; x_wconf 76' lang='lat' dir='ltr'><strong>patlibus</strong></span> <span class='ocrx_word' id='word_1_166' title='bbox 703 1162 883 1215; x_wconf 89' lang='lat' dir='ltr'><strong>nostris,</strong></span> <span class='ocrx_word' id='word_1_167' title='bbox 916 1164 964 1203; x_wconf 89' lang='lat' dir='ltr'><strong>ut</strong></span> <span class='ocrx_word' id='word_1_168' title='bbox 987 1164 1160 1216; x_wconf 74' lang='lat' dir='ltr'><strong>praeter</strong></span> <span class='ocrx_word' id='word_1_169' title='bbox 1186 1177 1314 1228; x_wconf 81' lang='lat' dir='ltr'><strong>quam</strong></span> <span class='ocrx_word' id='word_1_170' title='bbox 1338 1176 1474 1216; x_wconf 91' lang='lat' dir='ltr'><strong>nuper</strong></span> <span class='ocrx_word' id='word_1_171' title='bbox 1500 1177 1621 1205; x_wconf 82' lang='lat' dir='ltr'><strong>orani</strong></span> <span class='ocrx_word' id='word_1_172' title='bbox 1647 1164 1710 1204; x_wconf 88' lang='lat' dir='ltr'><strong>illi</strong></span> 
     </span>
    </p>

    <p class='ocr_par' dir='ltr' id='par_1_6' title="bbox 150 1221 1710 1279">
     <span class='ocr_line' id='line_1_20' title="bbox 150 1221 1710 1279; baseline 0.001 -16"><span class='ocrx_word' id='word_1_173' title='bbox 150 1221 305 1279; x_wconf 82' lang='lat' dir='ltr'><strong>[suam]</strong></span> <span class='ocrx_word' id='word_1_174' title='bbox 339 1222 524 1263; x_wconf 87' lang='lat' dir='ltr'><strong>Punicas</strong></span> <span class='ocrx_word' id='word_1_175' title='bbox 558 1222 707 1276; x_wconf 84' lang='lat' dir='ltr'><strong>vagari</strong></span> <span class='ocrx_word' id='word_1_176' title='bbox 740 1221 899 1262; x_wconf 86' lang='lat' dir='ltr'><strong>classes</strong></span> <span class='ocrx_word' id='word_1_177' title='bbox 933 1221 1112 1262; x_wconf 84' lang='lat' dir='ltr'><strong>dedecus</strong></span> <span class='ocrx_word' id='word_1_178' title='bbox 1154 1236 1246 1262; x_wconf 89' lang='lat' dir='ltr'><strong>esse</strong></span> <span class='ocrx_word' id='word_1_179' title='bbox 1284 1221 1454 1275; x_wconf 85' lang='lat' dir='ltr'><strong>imperii</strong></span> <span class='ocrx_word' id='word_1_180' title='bbox 1487 1222 1551 1262; x_wconf 88' lang='lat' dir='ltr'><strong>sui</strong></span> <span class='ocrx_word' id='word_1_181' title='bbox 1584 1222 1710 1264; x_wconf 81' lang='lat' dir='ltr'><strong>duxe</strong></span> 
     </span>
    </p>

    <p class='ocr_par' dir='ltr' id='par_1_7' title="bbox 144 1279 1711 1336">
     <span class='ocr_line' id='line_1_21' title="bbox 144 1279 1711 1336; baseline 0 -14"><span class='ocrx_word' id='word_1_182' title='bbox 144 1282 250 1336; x_wconf 87' lang='lat' dir='ltr'><strong>rint,</strong></span> <span class='ocrx_word' id='word_1_183' title='bbox 290 1295 382 1322; x_wconf 89' lang='lat' dir='ltr'><strong>eam</strong></span> <span class='ocrx_word' id='word_1_184' title='bbox 415 1295 527 1322; x_wconf 94' lang='lat' dir='ltr'><strong>nunc</strong></span> <span class='ocrx_word' id='word_1_185' title='bbox 559 1281 730 1336; x_wconf 88' lang='lat' dir='ltr'><strong>plenam</strong></span> <span class='ocrx_word' id='word_1_186' title='bbox 761 1280 951 1321; x_wconf 88' lang='lat' dir='ltr'><strong>hostium</strong></span> <span class='ocrx_word' id='word_1_187' title='bbox 983 1279 1349 1335; x_wconf 89' lang='lat' dir='ltr'><strong>Numidarumque</strong></span> <span class='ocrx_word' id='word_1_188' title='bbox 1383 1294 1431 1321; x_wconf 87' lang='lat' dir='ltr'><strong>ac</strong></span> <span class='ocrx_word' id='word_1_189' title='bbox 1461 1280 1711 1322; x_wconf 87' lang='lat' dir='ltr'><strong>Maurorum</strong></span> 
     </span>
    </p>

    <p class='ocr_par' dir='ltr' id='par_1_8' title="bbox 144 1338 1712 1454">
     <span class='ocr_line' id='line_1_22' title="bbox 145 1338 1712 1394; baseline 0 -13"><span class='ocrx_word' id='word_1_190' title='bbox 145 1341 233 1382; x_wconf 86' lang='lat' dir='ltr'><strong>iam</strong></span> <span class='ocrx_word' id='word_1_191' title='bbox 265 1340 424 1381; x_wconf 88' lang='lat' dir='ltr'><strong>factam</strong></span> <span class='ocrx_word' id='word_1_192' title='bbox 462 1339 715 1381; x_wconf 75' lang='lat' dir='ltr'><strong>videamus?</strong></span> <span class='ocrx_word' id='word_1_193' title='bbox 767 1339 840 1393; x_wconf 89' lang='lat' dir='ltr'><strong>qui</strong></span> <span class='ocrx_word' id='word_1_194' title='bbox 878 1339 1005 1380; x_wconf 91' lang='lat' dir='ltr'><strong>modo</strong></span> <span class='ocrx_word' id='word_1_195' title='bbox 1046 1338 1285 1393; x_wconf 80' lang='lat' dir='ltr'><strong>Saguntum</strong></span> <span class='ocrx_word' id='word_1_196' title='bbox 1327 1340 1569 1394; x_wconf 87' lang='lat' dir='ltr'><strong>oppugnari</strong></span> <span class='ocrx_word' id='word_1_197' title='bbox 1607 1340 1712 1382; x_wconf 91' lang='lat' dir='ltr'><strong>indi-</strong></span> 
     </span>
     <span class='ocr_line' id='line_1_23' title="bbox 144 1397 1712 1454; baseline 0.001 -14"><span class='ocrx_word' id='word_1_198' title='bbox 144 1399 316 1454; x_wconf 86' lang='lat' dir='ltr'><strong>gnando</strong></span> <span class='ocrx_word' id='word_1_199' title='bbox 343 1413 430 1440; x_wconf 92' lang='lat' dir='ltr'><strong>non</strong></span> <span class='ocrx_word' id='word_1_200' title='bbox 456 1399 651 1441; x_wconf 89' lang='lat' dir='ltr'><strong>homines</strong></span> <span class='ocrx_word' id='word_1_201' title='bbox 672 1401 841 1440; x_wconf 88' lang='lat' dir='ltr'><strong>tantum</strong></span> <span class='ocrx_word' id='word_1_202' title='bbox 864 1397 937 1439; x_wconf 92' lang='lat' dir='ltr'><strong>sed</strong></span> <span class='ocrx_word' id='word_1_203' title='bbox 956 1398 1130 1440; x_wconf 85' lang='lat' dir='ltr'><strong>foedera</strong></span> <span class='ocrx_word' id='word_1_204' title='bbox 1150 1400 1192 1439; x_wconf 88' lang='lat' dir='ltr'><strong>et</strong></span> <span class='ocrx_word' id='word_1_205' title='bbox 1213 1398 1313 1440; x_wconf 91' lang='lat' dir='ltr'><strong>deos</strong></span> <span class='ocrx_word' id='word_1_206' title='bbox 1334 1398 1563 1453; x_wconf 85' lang='lat' dir='ltr'><strong>ciebamus,</strong></span> <span class='ocrx_word' id='word_1_207' title='bbox 1590 1414 1712 1441; x_wconf 88' lang='lat' dir='ltr'><strong>scan-</strong></span> 
     </span>
    </p>
   </div>
   <div class='ocr_carea' id='block_1_3' title="bbox 98 1346 117 1357">
    <p class='ocr_par' dir='ltr' id='par_1_9' title="bbox 98 1346 117 1357">
     <span class='ocr_line' id='line_1_24' title="bbox 98 1346 117 1357; baseline 0 -4"><span class='ocrx_word' id='word_1_208' title='bbox 98 1346 117 1357; x_wconf 87' lang='grc'><strong>,-</strong></span> 
     </span>
    </p>
   </div>
   <div class='ocr_carea' id='block_1_4' title="bbox 104 1354 113 1376">
    <p class='ocr_par' dir='ltr' id='par_1_10' title="bbox 104 1354 113 1376">
     <span class='ocr_line' id='line_1_25' title="bbox 104 1354 113 1376; baseline 0 0"><span class='ocrx_word' id='word_1_209' title='bbox 104 1354 113 1376; x_wconf 67' lang='lat' dir='ltr'>d</span> 
     </span>
    </p>
   </div>
   <div class='ocr_carea' id='block_1_5' title="bbox 144 1547 1712 1689">
    <p class='ocr_par' dir='ltr' id='par_1_11' title="bbox 144 1547 1712 1689">
     <span class='ocr_line' id='line_1_26' title="bbox 146 1547 1712 1604; baseline -0.001 -19"><span class='ocrx_word' id='word_1_210' title='bbox 146 1550 225 1585; x_wconf 87' lang='lat' dir='ltr'><strong>lich</strong></span> <span class='ocrx_word' id='word_1_211' title='bbox 252 1550 393 1596; x_wconf 74' lang='lat' dir='ltr'><strong>splicht</strong></span> <span class='ocrx_word' id='word_1_212' title='bbox 410 1550 505 1585; x_wconf 88' lang='lat' dir='ltr'><strong>auch</strong></span> <span class='ocrx_word' id='word_1_213' title='bbox 525 1549 602 1604; x_wconf 79' lang='lat' dir='ltr'><strong>Pol</strong></span> <span class='ocrx_word' id='word_1_214' title='bbox 624 1553 656 1592; x_wconf 87' lang='lat'><strong>3,</strong></span> <span class='ocrx_word' id='word_1_215' title='bbox 678 1553 733 1593; x_wconf 89' lang='lat'><strong>90,</strong></span> <span class='ocrx_word' id='word_1_216' title='bbox 757 1553 800 1583; x_wconf 87' lang='lat'>14</span> <span class='ocrx_word' id='word_1_217' title='bbox 820 1561 892 1584; x_wconf 86' lang='lat' dir='ltr'><strong>von</strong></span> <span class='ocrx_word' id='word_1_218' title='bbox 965 1548 1124 1583; x_wconf 84' lang='lat' dir='ltr'><strong>braucht</strong></span> <span class='ocrx_word' id='word_1_219' title='bbox 1148 1547 1207 1583; x_wconf 86' lang='lat' dir='ltr'><strong>ist.</strong></span> <span class='ocrx_word' id='word_1_220' title='bbox 1244 1569 1287 1573; x_wconf 87' lang='lat'>—</span> <span class='ocrx_word' id='word_1_221' title='bbox 1320 1553 1494 1593; x_wconf 79' lang='lat' dir='ltr'><strong>extrema,</strong></span> <span class='ocrx_word' id='word_1_222' title='bbox 1533 1551 1712 1585; x_wconf 79' lang='lat' dir='ltr'><strong>zun‘achst</strong></span> 
     </span>
     <span class='ocr_line' id='line_1_27' title="bbox 145 1593 1710 1641; baseline 0.001 -10"><span class='ocrx_word' id='word_1_223' title='bbox 145 1598 212 1633; x_wconf 86' lang='lat' dir='ltr'><strong>der</strong></span> <span class='ocrx_word' id='word_1_224' title='bbox 231 1598 454 1639; x_wconf 77' lang='grc' dir='ltr'><em>καταξίωσις</em></span> <span class='ocrx_word' id='word_1_225' title='bbox 474 1594 576 1640; x_wconf 73' lang='grc' dir='ltr'><em>παρὰ</em></span> <span class='ocrx_word' id='word_1_226' title='bbox 596 1600 673 1635; x_wconf 82' lang='grc' dir='ltr'><strong><em>τοῖς</em></strong></span> <span class='ocrx_word' id='word_1_227' title='bbox 687 1593 892 1641; x_wconf 81' lang='grc' dir='ltr'><em>συμμάχοις</em></span> <span class='ocrx_word' id='word_1_228' title='bbox 966 1596 1049 1630; x_wconf 88' lang='grc'>(16111</span> <span class='ocrx_word' id='word_1_229' title='bbox 1076 1595 1216 1637; x_wconf 88' lang='lat' dir='ltr'><strong>Meere‚</strong></span> <span class='ocrx_word' id='word_1_230' title='bbox 1245 1596 1333 1630; x_wconf 87' lang='lat' dir='ltr'><strong>oder</strong></span> <span class='ocrx_word' id='word_1_231' title='bbox 1352 1607 1473 1641; x_wconf 85' lang='lat' dir='ltr'><strong>gegen</strong></span> <span class='ocrx_word' id='word_1_232' title='bbox 1494 1596 1553 1631; x_wconf 88' lang='lat' dir='ltr'><strong>die</strong></span> <span class='ocrx_word' id='word_1_233' title='bbox 1574 1597 1710 1633; x_wconf 90' lang='lat' dir='ltr'><strong>Ebene.</strong></span> 
     </span>
     <span class='ocr_line' id='line_1_28' title="bbox 144 1640 1711 1689; baseline 0.001 -10"><span class='ocrx_word' id='word_1_234' title='bbox 144 1645 211 1679; x_wconf 78' lang='grc' dir='ltr'><strong>τοῦ</strong></span> <span class='ocrx_word' id='word_1_235' title='bbox 233 1642 423 1689; x_wconf 78' lang='grc' dir='ltr'><em>Ρωμαίων</em></span> <span class='ocrx_word' id='word_1_236' title='bbox 449 1640 729 1687; x_wconf 77' lang='grc' dir='ltr'>πολιτεύματος.</span> <span class='ocrx_word' id='word_1_237' title='bbox 752 1663 795 1668; x_wconf 89' lang='lat'><strong>-—</strong></span> <span class='ocrx_word' id='word_1_238' title='bbox 822 1646 1115 1677; x_wconf 65' lang='grc'>1716-4-7.</span> <span class='ocrx_word' id='word_1_239' title='bbox 1137 1643 1276 1687; x_wconf 74' lang='lat' dir='ltr'><strong>inquit:</strong></span> <span class='ocrx_word' id='word_1_240' title='bbox 1303 1643 1362 1678; x_wconf 82' lang='lat' dir='ltr'><strong>die</strong></span> <span class='ocrx_word' id='word_1_241' title='bbox 1382 1643 1545 1678; x_wconf 75' lang='lat' dir='ltr'><strong>Zuhorer</strong></span> <span class='ocrx_word' id='word_1_242' title='bbox 1563 1645 1711 1680; x_wconf 87' lang='lat' dir='ltr'><strong>werden</strong></span> 
     </span>
    </p>
   </div>
   <div class='ocr_carea' id='block_1_6' title="bbox 143 1689 1714 2346">
    <p class='ocr_par' dir='ltr' id='par_1_12' title="bbox 143 1689 1713 1970">
     <span class='ocr_line' id='line_1_29' title="bbox 147 1689 1712 1736; baseline -0.001 -9"><span class='ocrx_word' id='word_1_243' title='bbox 147 1693 303 1728; x_wconf 64' lang='lat' dir='ltr'><strong>Moribus</strong></span> <span class='ocrx_word' id='word_1_244' title='bbox 324 1703 407 1736; x_wconf 63' lang='lat' dir='ltr'><strong>pao.</strong></span> <span class='ocrx_word' id='word_1_245' title='bbox 429 1692 489 1725; x_wconf 88' lang='lat' dir='ltr'><strong>ein</strong></span> <span class='ocrx_word' id='word_1_246' title='bbox 515 1690 620 1725; x_wconf 86' lang='lat' dir='ltr'><strong>mehr</strong></span> <span class='ocrx_word' id='word_1_247' title='bbox 645 1690 893 1725; x_wconf 83' lang='lat' dir='ltr'><strong>rhetorischer</strong></span> <span class='ocrx_word' id='word_1_248' title='bbox 967 1691 1042 1725; x_wconf 88' lang='lat' dir='ltr'><strong>erst</strong></span> <span class='ocrx_word' id='word_1_249' title='bbox 1067 1689 1372 1734; x_wconf 74' lang='lat' dir='ltr'><strong>nachtr‘aglich·§</strong></span> <span class='ocrx_word' id='word_1_250' title='bbox 1394 1694 1435 1724; x_wconf 90' lang='lat'>15</span> <span class='ocrx_word' id='word_1_251' title='bbox 1462 1693 1637 1735; x_wconf 87' lang='lat' dir='ltr'><strong>genannt.</strong></span> <span class='ocrx_word' id='word_1_252' title='bbox 1668 1713 1712 1717; x_wconf 94' lang='lat'><strong>——</strong></span> 
     </span>
     <span class='ocr_line' id='line_1_30' title="bbox 143 1736 1711 1781; baseline 0.001 -8"><span class='ocrx_word' id='word_1_253' title='bbox 143 1740 218 1774; x_wconf 85' lang='lat' dir='ltr'><strong>und</strong></span> <span class='ocrx_word' id='word_1_254' title='bbox 265 1738 537 1773; x_wconf 83' lang='lat' dir='ltr'><strong>idealistischer</strong></span> <span class='ocrx_word' id='word_1_255' title='bbox 587 1737 642 1772; x_wconf 82' lang='lat' dir='ltr'><strong>als</strong></span> <span class='ocrx_word' id='word_1_256' title='bbox 693 1736 892 1772; x_wconf 77' lang='lat' dir='ltr'><strong>historisch</strong></span> <span class='ocrx_word' id='word_1_257' title='bbox 965 1738 1100 1778; x_wconf 82' lang='lat' dir='ltr'><strong>caedes,</strong></span> <span class='ocrx_word' id='word_1_258' title='bbox 1125 1736 1333 1772; x_wconf 88' lang='lat' dir='ltr'><strong>rhetorisch</strong></span> <span class='ocrx_word' id='word_1_259' title='bbox 1361 1737 1637 1781; x_wconf 53' lang='lat' dir='ltr'><strong>&amp;bertreibemL</strong></span> <span class='ocrx_word' id='word_1_260' title='bbox 1664 1739 1711 1774; x_wconf 83' lang='lat' dir='ltr'><strong>da</strong></span> 
     </span>
     <span class='ocr_line' id='line_1_31' title="bbox 146 1783 1709 1831; baseline 0.001 -11"><span class='ocrx_word' id='word_1_261' title='bbox 146 1786 325 1831; x_wconf 86' lang='lat' dir='ltr'><strong>richtiger</strong></span> <span class='ocrx_word' id='word_1_262' title='bbox 352 1786 455 1829; x_wconf 79' lang='lat' dir='ltr'><strong>Satz,</strong></span> <span class='ocrx_word' id='word_1_263' title='bbox 489 1786 536 1820; x_wconf 88' lang='lat' dir='ltr'><strong>da</strong></span> <span class='ocrx_word' id='word_1_264' title='bbox 569 1784 694 1829; x_wconf 86' lang='lat' dir='ltr'><strong>Capua</strong></span> <span class='ocrx_word' id='word_1_265' title='bbox 721 1785 805 1819; x_wconf 82' lang='lat' dir='ltr'><strong>sehr</strong></span> <span class='ocrx_word' id='word_1_266' title='bbox 830 1795 892 1818; x_wconf 89' lang='lat' dir='ltr'><strong>zu-</strong></span> <span class='ocrx_word' id='word_1_267' title='bbox 967 1785 1026 1819; x_wconf 88' lang='lat' dir='ltr'><strong>die</strong></span> <span class='ocrx_word' id='word_1_268' title='bbox 1051 1783 1276 1818; x_wconf 89' lang='lat' dir='ltr'><strong>Einwohner</strong></span> <span class='ocrx_word' id='word_1_269' title='bbox 1301 1784 1442 1828; x_wconf 89' lang='lat' dir='ltr'><strong>flohen,</strong></span> <span class='ocrx_word' id='word_1_270' title='bbox 1475 1796 1504 1820; x_wconf 88' lang='grc'><strong>0.</strong></span> <span class='ocrx_word' id='word_1_271' title='bbox 1538 1789 1598 1830; x_wconf 85' lang='grc'><strong>13,</strong></span> <span class='ocrx_word' id='word_1_272' title='bbox 1632 1790 1650 1828; x_wconf 66' lang='grc' dir='ltr'>ἕ</span> <span class='ocrx_word' id='word_1_273' title='bbox 1679 1791 1709 1821; x_wconf 94' lang='grc'><strong>1.</strong></span> 
     </span>
     <span class='ocr_line' id='line_1_32' title="bbox 145 1831 1713 1878; baseline 0 -10"><span class='ocrx_word' id='word_1_274' title='bbox 145 1833 383 1878; x_wconf 76' lang='lat' dir='ltr'><strong>rfickgesetzt</strong></span> <span class='ocrx_word' id='word_1_275' title='bbox 416 1845 508 1875; x_wconf 83' lang='lat' dir='ltr'><strong>war3</strong></span> <span class='ocrx_word' id='word_1_276' title='bbox 541 1844 570 1867; x_wconf 92' lang='lat' dir='ltr'><strong>c.</strong></span> <span class='ocrx_word' id='word_1_277' title='bbox 598 1836 660 1876; x_wconf 93' lang='lat'><strong>29,</strong></span> <span class='ocrx_word' id='word_1_278' title='bbox 688 1835 707 1866; x_wconf 92' lang='lat'>8</span> <span class='ocrx_word' id='word_1_279' title='bbox 740 1832 816 1866; x_wconf 88' lang='lat' dir='ltr'><strong>und</strong></span> <span class='ocrx_word' id='word_1_280' title='bbox 851 1843 894 1865; x_wconf 90' lang='lat' dir='ltr'><strong>zu</strong></span> <span class='ocrx_word' id='word_1_281' title='bbox 969 1835 999 1867; x_wconf 88' lang='lat'><strong>9.</strong></span> <span class='ocrx_word' id='word_1_282' title='bbox 1031 1835 1089 1872; x_wconf 85' lang='grc' dir='ltr'><strong>1ος</strong></span> <span class='ocrx_word' id='word_1_283' title='bbox 1116 1831 1212 1865; x_wconf 88' lang='lat' dir='ltr'><strong>doch</strong></span> <span class='ocrx_word' id='word_1_284' title='bbox 1238 1831 1288 1865; x_wconf 87' lang='lat' dir='ltr'><strong>ist</strong></span> <span class='ocrx_word' id='word_1_285' title='bbox 1313 1832 1443 1866; x_wconf 82' lang='lat' dir='ltr'><strong>darum</strong></span> <span class='ocrx_word' id='word_1_286' title='bbox 1462 1832 1569 1867; x_wconf 89' lang='lat' dir='ltr'><strong>nicht</strong></span> <span class='ocrx_word' id='word_1_287' title='bbox 1588 1833 1713 1868; x_wconf 78' lang='lat' dir='ltr'><strong>clades</strong></span> 
     </span>
     <span class='ocr_line' id='line_1_33' title="bbox 144 1878 1711 1925; baseline -0.001 -9"><span class='ocrx_word' id='word_1_288' title='bbox 144 1893 173 1916; x_wconf 86' lang='lat' dir='ltr'><strong>c.</strong></span> <span class='ocrx_word' id='word_1_289' title='bbox 202 1885 257 1925; x_wconf 89' lang='grc'><strong>61,</strong></span> <span class='ocrx_word' id='word_1_290' title='bbox 287 1885 339 1915; x_wconf 90' lang='grc'><strong>11.</strong></span> <span class='ocrx_word' id='word_1_291' title='bbox 968 1891 1013 1913; x_wconf 88' lang='lat' dir='ltr'><strong>zu</strong></span> <span class='ocrx_word' id='word_1_292' title='bbox 1039 1878 1189 1913; x_wconf 73' lang='lat' dir='ltr'><strong>andern.</strong></span> <span class='ocrx_word' id='word_1_293' title='bbox 1212 1898 1256 1903; x_wconf 85' lang='lat'>—</span> <span class='ocrx_word' id='word_1_294' title='bbox 1276 1879 1416 1913; x_wconf 72' lang='lat' dir='ltr'><strong>nullius</strong></span> <span class='ocrx_word' id='word_1_295' title='bbox 1442 1880 1503 1914; x_wconf 72' lang='lat' dir='ltr'><strong>alt.</strong></span> <span class='ocrx_word' id='word_1_296' title='bbox 1525 1883 1581 1923; x_wconf 88' lang='lat'><strong>21,</strong></span> <span class='ocrx_word' id='word_1_297' title='bbox 1604 1884 1658 1923; x_wconf 89' lang='grc'><strong>13,</strong></span> <span class='ocrx_word' id='word_1_298' title='bbox 1679 1885 1711 1916; x_wconf 87' lang='grc'><strong>3.</strong></span> 
     </span>
     <span class='ocr_line' id='line_1_34' title="bbox 968 1926 1712 1970; baseline 0.004 -11"><span class='ocrx_word' id='word_1_299' title='bbox 968 1946 1012 1951; x_wconf 90' lang='grc'><strong>-</strong></span> <span class='ocrx_word' id='word_1_300' title='bbox 1033 1928 1170 1970; x_wconf 73' lang='lat' dir='ltr'><strong>patres,</strong></span> <span class='ocrx_word' id='word_1_301' title='bbox 1197 1936 1358 1969; x_wconf 87' lang='lat' dir='ltr'><strong>genauer</strong></span> <span class='ocrx_word' id='word_1_302' title='bbox 1383 1926 1550 1970; x_wconf 86' lang='lat' dir='ltr'><strong>maiores,</strong></span> <span class='ocrx_word' id='word_1_303' title='bbox 1578 1927 1626 1962; x_wconf 84' lang='lat' dir='ltr'><strong>da</strong></span> <span class='ocrx_word' id='word_1_304' title='bbox 1651 1927 1712 1962; x_wconf 89' lang='lat' dir='ltr'><strong>die</strong></span> 
     </span>
    </p>

    <p class='ocr_par' dir='ltr' id='par_1_13' title="bbox 144 1972 1714 2346">
     <span class='ocr_line' id='line_1_35' title="bbox 193 1972 1714 2019; baseline -0.001 -9"><span class='ocrx_word' id='word_1_305' title='bbox 193 1975 261 2019; x_wconf 84' lang='lat'><strong>14,</strong></span> <span class='ocrx_word' id='word_1_306' title='bbox 297 1978 397 2010; x_wconf 89' lang='lat'>1-3.</span> <span class='ocrx_word' id='word_1_307' title='bbox 444 1974 681 2015; x_wconf 70' lang='lat' dir='ltr'><strong>eaewebatur,</strong></span> <span class='ocrx_word' id='word_1_308' title='bbox 717 1973 892 2008; x_wconf 81' lang='lat' dir='ltr'><strong>fortw&#39;ah-</strong></span> <span class='ocrx_word' id='word_1_309' title='bbox 967 1972 1124 2007; x_wconf 84' lang='lat' dir='ltr'><strong>Kolonie</strong></span> <span class='ocrx_word' id='word_1_310' title='bbox 1141 1983 1208 2007; x_wconf 84' lang='lat' dir='ltr'><strong>vor</strong></span> <span class='ocrx_word' id='word_1_311' title='bbox 1227 1972 1377 2017; x_wconf 88' lang='lat' dir='ltr'><strong>achtzig</strong></span> <span class='ocrx_word' id='word_1_312' title='bbox 1395 1973 1417 2007; x_wconf 87' lang='lat' dir='ltr'>J</span> <span class='ocrx_word' id='word_1_313' title='bbox 1420 1974 1534 2008; x_wconf 87' lang='lat' dir='ltr'><strong>ahren</strong></span> <span class='ocrx_word' id='word_1_314' title='bbox 1554 1972 1714 2019; x_wconf 73' lang='lat' dir='ltr'><strong>gegriin-</strong></span> 
     </span>
     <span class='ocr_line' id='line_1_36' title="bbox 144 2020 1712 2066; baseline -0.001 -9"><span class='ocrx_word' id='word_1_315' title='bbox 144 2023 247 2066; x_wconf 85' lang='lat' dir='ltr'><strong>rend,</strong></span> <span class='ocrx_word' id='word_1_316' title='bbox 268 2035 312 2056; x_wconf 89' lang='lat' dir='ltr'><strong>zu</strong></span> <span class='ocrx_word' id='word_1_317' title='bbox 331 2026 394 2064; x_wconf 96' lang='lat'><strong>21,</strong></span> <span class='ocrx_word' id='word_1_318' title='bbox 416 2024 478 2063; x_wconf 87' lang='grc'><strong>28,</strong></span> <span class='ocrx_word' id='word_1_319' title='bbox 499 2025 531 2054; x_wconf 90' lang='grc'>4.</span> <span class='ocrx_word' id='word_1_320' title='bbox 553 2040 596 2046; x_wconf 82' lang='lat'><strong>—-</strong></span> <span class='ocrx_word' id='word_1_321' title='bbox 623 2021 891 2062; x_wconf 48' lang='grc'>1333316330-</span> <span class='ocrx_word' id='word_1_322' title='bbox 968 2020 1032 2054; x_wconf 84' lang='lat' dir='ltr'><strong>det</strong></span> <span class='ocrx_word' id='word_1_323' title='bbox 1073 2020 1221 2054; x_wconf 88' lang='lat' dir='ltr'><strong>worden</strong></span> <span class='ocrx_word' id='word_1_324' title='bbox 1259 2031 1353 2064; x_wconf 88' lang='lat' dir='ltr'><strong>war,</strong></span> <span class='ocrx_word' id='word_1_325' title='bbox 1399 2024 1459 2063; x_wconf 92' lang='grc'><strong>10,</strong></span> <span class='ocrx_word' id='word_1_326' title='bbox 1507 2025 1569 2065; x_wconf 88' lang='grc'><strong>21,</strong></span> <span class='ocrx_word' id='word_1_327' title='bbox 1596 2025 1628 2056; x_wconf 92' lang='grc'><strong>8.</strong></span> <span class='ocrx_word' id='word_1_328' title='bbox 1667 2042 1712 2047; x_wconf 89' lang='grc'>-</span> 
     </span>
     <span class='ocr_line' id='line_1_37' title="bbox 145 2047 1709 2111; baseline -0.001 -8"><span class='ocrx_word' id='word_1_329' title='bbox 145 2069 207 2103; x_wconf 90' lang='lat' dir='ltr'><strong>bei</strong></span> <span class='ocrx_word' id='word_1_330' title='bbox 232 2069 426 2102; x_wconf 76' lang='lat' dir='ltr'><strong>unerkl&#39;ait</strong></span> <span class='ocrx_word' id='word_1_331' title='bbox 445 2049 574 2109; x_wconf 85' lang='lat' dir='ltr'><strong>bleibt,</strong></span> <span class='ocrx_word' id='word_1_332' title='bbox 596 2067 666 2101; x_wconf 90' lang='lat' dir='ltr'><strong>wie</strong></span> <span class='ocrx_word' id='word_1_333' title='bbox 685 2047 891 2101; x_wconf 79' lang='lat' dir='ltr'><strong>Hamiibals</strong></span> <span class='ocrx_word' id='word_1_334' title='bbox 966 2066 1130 2101; x_wconf 69' lang='lat' dir='ltr'><strong>Samnite</strong></span> <span class='ocrx_word' id='word_1_335' title='bbox 1155 2066 1403 2110; x_wconf 84' lang='lat' dir='ltr'><strong>adjektivisch</strong></span> <span class='ocrx_word' id='word_1_336' title='bbox 1429 2067 1497 2102; x_wconf 88' lang='lat' dir='ltr'><strong>wie</strong></span> <span class='ocrx_word' id='word_1_337' title='bbox 1522 2071 1540 2108; x_wconf 65' lang='grc' dir='ltr'>ξ</span> <span class='ocrx_word' id='word_1_338' title='bbox 1564 2072 1623 2111; x_wconf 87' lang='grc'><strong>12,</strong></span> <span class='ocrx_word' id='word_1_339' title='bbox 1646 2069 1709 2101; x_wconf 87' lang='lat' dir='ltr'><strong>da-</strong></span> 
     </span>
     <span class='ocr_line' id='line_1_38' title="bbox 145 2112 1711 2160; baseline -0.001 -10"><span class='ocrx_word' id='word_1_340' title='bbox 145 2116 322 2160; x_wconf 86' lang='lat' dir='ltr'><strong>Truppen</strong></span> <span class='ocrx_word' id='word_1_341' title='bbox 353 2114 523 2158; x_wconf 85' lang='lat' dir='ltr'><strong>zugleich</strong></span> <span class='ocrx_word' id='word_1_342' title='bbox 561 2113 730 2148; x_wconf 83' lang='lat' dir='ltr'><strong>westlich</strong></span> <span class='ocrx_word' id='word_1_343' title='bbox 773 2113 892 2157; x_wconf 87' lang='lat' dir='ltr'><strong>(Sinu-</strong></span> <span class='ocrx_word' id='word_1_344' title='bbox 965 2124 1084 2158; x_wconf 83' lang='lat' dir='ltr'><strong>geg-en</strong></span> <span class='ocrx_word' id='word_1_345' title='bbox 1104 2112 1228 2156; x_wconf 83' lang='lat' dir='ltr'><strong>gleich</strong></span> <span class='ocrx_word' id='word_1_346' title='bbox 1249 2113 1415 2147; x_wconf 89' lang='lat' dir='ltr'><strong>nachher</strong></span> <span class='ocrx_word' id='word_1_347' title='bbox 1426 2113 1574 2147; x_wconf 69' lang='lat' dir='ltr'><strong>Samnis</strong></span> <span class='ocrx_word' id='word_1_348' title='bbox 1589 2113 1711 2148; x_wconf 74' lang='lat' dir='ltr'><strong>Subst.</strong></span> 
     </span>
     <span class='ocr_line' id='line_1_39' title="bbox 147 2159 1711 2207; baseline -0.002 -10"><span class='ocrx_word' id='word_1_349' title='bbox 147 2165 245 2207; x_wconf 83' lang='lat' dir='ltr'><strong>essa)</strong></span> <span class='ocrx_word' id='word_1_350' title='bbox 282 2162 358 2196; x_wconf 88' lang='lat' dir='ltr'><strong>und</strong></span> <span class='ocrx_word' id='word_1_351' title='bbox 397 2161 531 2196; x_wconf 69' lang='lat' dir='ltr'><strong>&amp;stlich</strong></span> <span class='ocrx_word' id='word_1_352' title='bbox 569 2170 643 2194; x_wconf 86' lang='lat' dir='ltr'><strong>von</strong></span> <span class='ocrx_word' id='word_1_353' title='bbox 677 2159 891 2194; x_wconf 79' lang='lat' dir='ltr'><strong>demselben</strong></span> <span class='ocrx_word' id='word_1_354' title='bbox 965 2160 1039 2193; x_wconf 88' lang='lat' dir='ltr'><strong>und</strong></span> <span class='ocrx_word' id='word_1_355' title='bbox 1065 2160 1205 2193; x_wconf 76' lang='lat' dir='ltr'><strong>advena</strong></span> <span class='ocrx_word' id='word_1_356' title='bbox 1224 2159 1412 2203; x_wconf 87' lang='lat' dir='ltr'><strong>Adjektiv,</strong></span> <span class='ocrx_word' id='word_1_357' title='bbox 1440 2161 1711 2203; x_wconf 83' lang='lat' dir='ltr'><strong>entsprechend</strong></span> 
     </span>
     <span class='ocr_line' id='line_1_40' title="bbox 145 2206 1712 2251; baseline -0.001 -7"><span class='ocrx_word' id='word_1_358' title='bbox 145 2209 457 2249; x_wconf 68' lang='lat' dir='ltr'><strong>brandschatzem</strong></span> <span class='ocrx_word' id='word_1_359' title='bbox 485 2207 543 2241; x_wconf 85' lang='lat' dir='ltr'><strong>die</strong></span> <span class='ocrx_word' id='word_1_360' title='bbox 564 2207 804 2251; x_wconf 83' lang='lat' dir='ltr'><strong>Darstellung</strong></span> <span class='ocrx_word' id='word_1_361' title='bbox 828 2206 892 2240; x_wconf 89' lang='lat' dir='ltr'><strong>des</strong></span> <span class='ocrx_word' id='word_1_362' title='bbox 965 2206 1127 2247; x_wconf 82' lang='lat' dir='ltr'><strong>vicinus3</strong></span> <span class='ocrx_word' id='word_1_363' title='bbox 1155 2217 1198 2239; x_wconf 91' lang='lat' dir='ltr'><strong>zu</strong></span> <span class='ocrx_word' id='word_1_364' title='bbox 1225 2210 1286 2249; x_wconf 92' lang='lat'><strong>21,</strong></span> <span class='ocrx_word' id='word_1_365' title='bbox 1313 2210 1375 2248; x_wconf 88' lang='grc'><strong>30,</strong></span> <span class='ocrx_word' id='word_1_366' title='bbox 1403 2210 1433 2241; x_wconf 91' lang='grc'><strong>8.</strong></span> <span class='ocrx_word' id='word_1_367' title='bbox 1466 2227 1509 2231; x_wconf 91' lang='grc'>-</span> <span class='ocrx_word' id='word_1_368' title='bbox 1545 2208 1712 2242; x_wconf 79' lang='lat' dir='ltr'><strong>extremis</strong></span> 
     </span>
     <span class='ocr_line' id='line_1_41' title="bbox 150 2252 1711 2301; baseline -0.001 -10"><span class='ocrx_word' id='word_1_369' title='bbox 150 2257 269 2301; x_wconf 81' lang='lat' dir='ltr'><strong>Zuges</strong></span> <span class='ocrx_word' id='word_1_370' title='bbox 282 2252 793 2290; x_wconf 76' lang='lat' dir='ltr'><strong>undRfickmarschesleidet</strong></span> <span class='ocrx_word' id='word_1_371' title='bbox 806 2253 894 2287; x_wconf 87' lang='lat' dir='ltr'><strong>aber</strong></span> <span class='ocrx_word' id='word_1_372' title='bbox 966 2253 1066 2287; x_wconf 85' lang='lat' dir='ltr'><strong>kann</strong></span> <span class='ocrx_word' id='word_1_373' title='bbox 1092 2252 1159 2286; x_wconf 89' lang='lat' dir='ltr'><strong>auf</strong></span> <span class='ocrx_word' id='word_1_374' title='bbox 1187 2252 1258 2286; x_wconf 88' lang='lat' dir='ltr'><strong>den</strong></span> <span class='ocrx_word' id='word_1_375' title='bbox 1284 2252 1475 2287; x_wconf 86' lang='lat' dir='ltr'><strong>Aufbruch</strong></span> <span class='ocrx_word' id='word_1_376' title='bbox 1505 2253 1711 2290; x_wconf 81' lang='lat' dir='ltr'><strong>Hannibals</strong></span> 
     </span>
     <span class='ocr_line' id='line_1_42' title="bbox 151 2298 1711 2346; baseline -0.002 -8"><span class='ocrx_word' id='word_1_377' title='bbox 151 2304 246 2338; x_wconf 87' lang='lat' dir='ltr'><strong>auch</strong></span> <span class='ocrx_word' id='word_1_378' title='bbox 268 2314 314 2337; x_wconf 90' lang='lat' dir='ltr'><strong>an</strong></span> <span class='ocrx_word' id='word_1_379' title='bbox 329 2302 468 2337; x_wconf 82' lang='lat' dir='ltr'><strong>andern</strong></span> <span class='ocrx_word' id='word_1_380' title='bbox 482 2300 803 2346; x_wconf 85' lang='lat' dir='ltr'><strong>geographischen</strong></span> <span class='ocrx_word' id='word_1_381' title='bbox 817 2300 893 2334; x_wconf 88' lang='lat' dir='ltr'><strong>Un-</strong></span> <span class='ocrx_word' id='word_1_382' title='bbox 966 2310 1039 2334; x_wconf 86' lang='lat' dir='ltr'><strong>von</strong></span> <span class='ocrx_word' id='word_1_383' title='bbox 1059 2298 1180 2334; x_wconf 84' lang='lat' dir='ltr'><strong>Gades</strong></span> <span class='ocrx_word' id='word_1_384' title='bbox 1207 2299 1372 2343; x_wconf 86' lang='lat' dir='ltr'><strong>bezogen</strong></span> <span class='ocrx_word' id='word_1_385' title='bbox 1393 2300 1550 2344; x_wconf 86' lang='lat' dir='ltr'><strong>werden,</strong></span> <span class='ocrx_word' id='word_1_386' title='bbox 1578 2304 1633 2342; x_wconf 92' lang='lat'><strong>21,</strong></span> <span class='ocrx_word' id='word_1_387' title='bbox 1655 2305 1711 2345; x_wconf 91' lang='lat'><strong>21,</strong></span> 
     </span>
    </p>
   </div>
   <div class='ocr_carea' id='block_1_7' title="bbox 147 2346 1711 2489">
    <p class='ocr_par' dir='ltr' id='par_1_14' title="bbox 147 2346 1711 2489">
     <span class='ocr_line' id='line_1_43' title="bbox 147 2346 1711 2391; baseline -0.003 -6"><span class='ocrx_word' id='word_1_388' title='bbox 147 2350 358 2385; x_wconf 86' lang='lat' dir='ltr'><strong>klarheiten</strong></span> <span class='ocrx_word' id='word_1_389' title='bbox 391 2349 467 2383; x_wconf 89' lang='lat' dir='ltr'><strong>und</strong></span> <span class='ocrx_word' id='word_1_390' title='bbox 499 2349 711 2382; x_wconf 71' lang='lat' dir='ltr'><strong>Irrti&#39;imern.</strong></span> <span class='ocrx_word' id='word_1_391' title='bbox 745 2367 788 2371; x_wconf 78' lang='lat'>—</span> <span class='ocrx_word' id='word_1_392' title='bbox 821 2347 892 2381; x_wconf 81' lang='lat' dir='ltr'><strong>sed.</strong></span> <span class='ocrx_word' id='word_1_393' title='bbox 967 2351 987 2381; x_wconf 88' lang='lat'>9</span> <span class='ocrx_word' id='word_1_394' title='bbox 1013 2346 1088 2381; x_wconf 88' lang='lat' dir='ltr'><strong>und</strong></span> <span class='ocrx_word' id='word_1_395' title='bbox 1109 2349 1164 2388; x_wconf 85' lang='lat'><strong>30,</strong></span> <span class='ocrx_word' id='word_1_396' title='bbox 1186 2350 1219 2380; x_wconf 90' lang='grc'>4.</span> <span class='ocrx_word' id='word_1_397' title='bbox 1244 2366 1284 2370; x_wconf 91' lang='grc'><strong>-</strong></span> <span class='ocrx_word' id='word_1_398' title='bbox 1312 2349 1450 2389; x_wconf 74' lang='lat' dir='ltr'><strong>nostra,</strong></span> <span class='ocrx_word' id='word_1_399' title='bbox 1468 2347 1572 2381; x_wconf 89' lang='lat' dir='ltr'><strong>nicht</strong></span> <span class='ocrx_word' id='word_1_400' title='bbox 1594 2346 1711 2391; x_wconf 84' lang='lat' dir='ltr'><strong>Fabii,</strong></span> 
     </span>
     <span class='ocr_line' id='line_1_44' title="bbox 147 2393 1710 2440; baseline -0.003 -7"><span class='ocrx_word' id='word_1_401' title='bbox 147 2408 309 2439; x_wconf 79' lang='lat' dir='ltr'><strong>accensa,</strong></span> <span class='ocrx_word' id='word_1_402' title='bbox 334 2396 404 2431; x_wconf 87' lang='lat' dir='ltr'><strong>wie</strong></span> <span class='ocrx_word' id='word_1_403' title='bbox 430 2400 463 2440; x_wconf 90' lang='lat'><strong>2,</strong></span> <span class='ocrx_word' id='word_1_404' title='bbox 484 2399 540 2439; x_wconf 86' lang='lat'><strong>29,</strong></span> <span class='ocrx_word' id='word_1_405' title='bbox 561 2398 582 2428; x_wconf 88' lang='lat'>8</span> <span class='ocrx_word' id='word_1_406' title='bbox 609 2393 795 2428; x_wconf 82' lang='lat' dir='ltr'><strong>discordia</strong></span> <span class='ocrx_word' id='word_1_407' title='bbox 817 2394 893 2428; x_wconf 89' lang='lat' dir='ltr'><strong>und</strong></span> <span class='ocrx_word' id='word_1_408' title='bbox 966 2393 1051 2428; x_wconf 84' lang='lat' dir='ltr'><strong>weil</strong></span> <span class='ocrx_word' id='word_1_409' title='bbox 1092 2393 1156 2427; x_wconf 86' lang='lat' dir='ltr'><strong>der</strong></span> <span class='ocrx_word' id='word_1_410' title='bbox 1193 2393 1472 2437; x_wconf 86' lang='lat' dir='ltr'><strong>Republikaner</strong></span> <span class='ocrx_word' id='word_1_411' title='bbox 1515 2394 1574 2428; x_wconf 71' lang='lat' dir='ltr'><strong>fiir</strong></span> <span class='ocrx_word' id='word_1_412' title='bbox 1618 2394 1710 2429; x_wconf 87' lang='lat' dir='ltr'><strong>alles</strong></span> 
     </span>
     <span class='ocr_line' id='line_1_45' title="bbox 147 2439 1711 2489; baseline -0.003 -9"><span class='ocrx_word' id='word_1_413' title='bbox 147 2445 203 2480; x_wconf 83' lang='lat' dir='ltr'><strong>oft</strong></span> <span class='ocrx_word' id='word_1_414' title='bbox 226 2443 422 2489; x_wconf 83' lang='lat' dir='ltr'><strong>proelium,</strong></span> <span class='ocrx_word' id='word_1_415' title='bbox 449 2452 592 2487; x_wconf 88' lang='lat' dir='ltr'><strong>pugna,</strong></span> <span class='ocrx_word' id='word_1_416' title='bbox 621 2442 810 2476; x_wconf 84' lang='lat' dir='ltr'><strong>certamen</strong></span> <span class='ocrx_word' id='word_1_417' title='bbox 836 2444 892 2483; x_wconf 90' lang='lat'>21,</span> <span class='ocrx_word' id='word_1_418' title='bbox 966 2439 1340 2475; x_wconf 82' lang='lat' dir='ltr'><strong>mitverantwortlich</strong></span> <span class='ocrx_word' id='word_1_419' title='bbox 1371 2440 1430 2475; x_wconf 81' lang='lat' dir='ltr'><strong>ist.</strong></span> <span class='ocrx_word' id='word_1_420' title='bbox 1464 2461 1508 2465; x_wconf 96' lang='lat'><strong>—</strong></span> <span class='ocrx_word' id='word_1_421' title='bbox 1536 2452 1624 2484; x_wconf 75' lang='lat' dir='ltr'><strong>pro,</strong></span> <span class='ocrx_word' id='word_1_422' title='bbox 1656 2441 1711 2475; x_wconf 86' lang='lat' dir='ltr'><strong>als</strong></span> 
     </span>
    </p>
   </div>
   <div class='ocr_carea' id='block_1_8' title="bbox 147 2487 1714 2863">
    <p class='ocr_par' dir='ltr' id='par_1_15' title="bbox 147 2487 1714 2863">
     <span class='ocr_line' id='line_1_46' title="bbox 148 2487 1711 2535; baseline -0.003 -9"><span class='ocrx_word' id='word_1_423' title='bbox 148 2496 203 2535; x_wconf 90' lang='lat'><strong>59,</strong></span> <span class='ocrx_word' id='word_1_424' title='bbox 225 2496 256 2527; x_wconf 92' lang='lat'><strong>8.</strong></span> <span class='ocrx_word' id='word_1_425' title='bbox 285 2495 341 2534; x_wconf 82' lang='lat'><strong>27,</strong></span> <span class='ocrx_word' id='word_1_426' title='bbox 369 2494 431 2534; x_wconf 89' lang='lat'><strong>32,</strong></span> <span class='ocrx_word' id='word_1_427' title='bbox 458 2493 495 2532; x_wconf 74' lang='grc' dir='ltr'><strong>ὃς</strong></span> <span class='ocrx_word' id='word_1_428' title='bbox 530 2489 699 2523; x_wconf 88' lang='lat' dir='ltr'><strong>daneben</strong></span> <span class='ocrx_word' id='word_1_429' title='bbox 725 2487 784 2522; x_wconf 88' lang='lat' dir='ltr'><strong>die</strong></span> <span class='ocrx_word' id='word_1_430' title='bbox 810 2498 891 2532; x_wconf 88' lang='lat' dir='ltr'><strong>per·</strong></span> <span class='ocrx_word' id='word_1_431' title='bbox 965 2487 1212 2532; x_wconf 87' lang='lat' dir='ltr'><strong>Interjektion</strong></span> <span class='ocrx_word' id='word_1_432' title='bbox 1248 2487 1303 2521; x_wconf 89' lang='lat' dir='ltr'><strong>oft</strong></span> <span class='ocrx_word' id='word_1_433' title='bbox 1339 2487 1409 2521; x_wconf 89' lang='lat' dir='ltr'><strong>mit</strong></span> <span class='ocrx_word' id='word_1_434' title='bbox 1442 2487 1607 2522; x_wconf 89' lang='lat' dir='ltr'><strong>Vokativ</strong></span> <span class='ocrx_word' id='word_1_435' title='bbox 1644 2499 1711 2532; x_wconf 88' lang='lat' dir='ltr'><strong>pro</strong></span> 
     </span>
     <span class='ocr_line' id='line_1_47' title="bbox 148 2534 1711 2579; baseline -0.003 -6"><span class='ocrx_word' id='word_1_436' title='bbox 148 2538 316 2573; x_wconf 84' lang='grc'>3011116116</span> <span class='ocrx_word' id='word_1_437' title='bbox 331 2536 602 2572; x_wconf 79' lang='lat' dir='ltr'><strong>Konstruktion</strong></span> <span class='ocrx_word' id='word_1_438' title='bbox 621 2534 775 2569; x_wconf 85' lang='lat' dir='ltr'><strong>accendi</strong></span> <span class='ocrx_word' id='word_1_439' title='bbox 796 2534 892 2577; x_wconf 84' lang='lat' dir='ltr'><strong>odio,</strong></span> <span class='ocrx_word' id='word_1_440' title='bbox 965 2534 1154 2579; x_wconf 85' lang='lat' dir='ltr'><strong>Juppiter,</strong></span> <span class='ocrx_word' id='word_1_441' title='bbox 1188 2535 1276 2568; x_wconf 86' lang='lat' dir='ltr'><strong>oder</strong></span> <span class='ocrx_word' id='word_1_442' title='bbox 1301 2534 1371 2568; x_wconf 86' lang='lat' dir='ltr'><strong>mit</strong></span> <span class='ocrx_word' id='word_1_443' title='bbox 1395 2534 1611 2578; x_wconf 82' lang='lat' dir='ltr'><strong>Accusa-tiv,</strong></span> <span class='ocrx_word' id='word_1_444' title='bbox 1645 2546 1711 2579; x_wconf 86' lang='lat' dir='ltr'><strong>pro</strong></span> 
     </span>
     <span class='ocr_line' id='line_1_48' title="bbox 147 2581 1713 2629; baseline -0.003 -9"><span class='ocrx_word' id='word_1_445' title='bbox 147 2586 218 2627; x_wconf 89' lang='lat' dir='ltr'><strong>ira,</strong></span> <span class='ocrx_word' id='word_1_446' title='bbox 259 2596 323 2629; x_wconf 82' lang='lat' dir='ltr'><strong>spe</strong></span> <span class='ocrx_word' id='word_1_447' title='bbox 360 2597 394 2618; x_wconf 92' lang='grc'><strong>11.</strong></span> <span class='ocrx_word' id='word_1_448' title='bbox 430 2587 462 2619; x_wconf 83' lang='grc'><strong>3.</strong></span> <span class='ocrx_word' id='word_1_449' title='bbox 495 2587 616 2625; x_wconf 89' lang='lat' dir='ltr'>c.13,</span> <span class='ocrx_word' id='word_1_450' title='bbox 650 2586 687 2625; x_wconf 90' lang='grc'><strong>1,</strong></span> <span class='ocrx_word' id='word_1_451' title='bbox 732 2581 896 2617; x_wconf 83' lang='lat' dir='ltr'><strong>weshalb</strong></span> <span class='ocrx_word' id='word_1_452' title='bbox 970 2581 1079 2616; x_wconf 88' lang='lat' dir='ltr'><strong>deum</strong></span> <span class='ocrx_word' id='word_1_453' title='bbox 1105 2581 1227 2615; x_wconf 86' lang='lat' dir='ltr'><strong>fidem.</strong></span> <span class='ocrx_word' id='word_1_454' title='bbox 1254 2601 1298 2606; x_wconf 87' lang='lat'><strong>——</strong></span> <span class='ocrx_word' id='word_1_455' title='bbox 1327 2582 1597 2625; x_wconf 77' lang='lat' dir='ltr'><strong>deyeneramus‚</strong></span> <span class='ocrx_word' id='word_1_456' title='bbox 1627 2582 1713 2616; x_wconf 86' lang='lat' dir='ltr'><strong>weil</strong></span> 
     </span>
     <span class='ocr_line' id='line_1_49' title="bbox 150 2613 1713 2672; baseline -0.003 -5"><span class='ocrx_word' id='word_1_457' title='bbox 150 2613 285 2667; x_wconf 78' lang='lat' dir='ltr'><strong>andere</strong></span> <span class='ocrx_word' id='word_1_458' title='bbox 318 2632 420 2666; x_wconf 85' lang='lat' dir='ltr'><strong>lesen</strong></span> <span class='ocrx_word' id='word_1_459' title='bbox 446 2630 626 2666; x_wconf 83' lang='lat' dir='ltr'><strong>seditione</strong></span> <span class='ocrx_word' id='word_1_460' title='bbox 659 2629 819 2671; x_wconf 67' lang='lat' dir='ltr'><strong>accensi,</strong></span> <span class='ocrx_word' id='word_1_461' title='bbox 854 2629 898 2663; x_wconf 81' lang='lat' dir='ltr'><strong>de</strong></span> <span class='ocrx_word' id='word_1_462' title='bbox 970 2628 1030 2662; x_wconf 88' lang='lat' dir='ltr'><strong>die</strong></span> <span class='ocrx_word' id='word_1_463' title='bbox 1056 2628 1267 2672; x_wconf 86' lang='lat' dir='ltr'><strong>Entartung</strong></span> <span class='ocrx_word' id='word_1_464' title='bbox 1291 2627 1348 2662; x_wconf 79' lang='lat' dir='ltr'><strong>bis</strong></span> <span class='ocrx_word' id='word_1_465' title='bbox 1375 2627 1441 2661; x_wconf 88' lang='lat' dir='ltr'><strong>auf</strong></span> <span class='ocrx_word' id='word_1_466' title='bbox 1462 2628 1521 2662; x_wconf 87' lang='lat' dir='ltr'><strong>die</strong></span> <span class='ocrx_word' id='word_1_467' title='bbox 1546 2628 1642 2670; x_wconf 85' lang='lat' dir='ltr'><strong>Zeit,</strong></span> <span class='ocrx_word' id='word_1_468' title='bbox 1673 2628 1713 2662; x_wconf 88' lang='lat' dir='ltr'><strong>in</strong></span> 
     </span>
     <span class='ocr_line' id='line_1_50' title="bbox 148 2674 1713 2723; baseline -0.003 -10"><span class='ocrx_word' id='word_1_469' title='bbox 148 2681 305 2723; x_wconf 72' lang='lat' dir='ltr'><strong>inteyro,</strong></span> <span class='ocrx_word' id='word_1_470' title='bbox 338 2679 406 2712; x_wconf 87' lang='lat' dir='ltr'><strong>mit</strong></span> <span class='ocrx_word' id='word_1_471' title='bbox 439 2678 651 2721; x_wconf 86' lang='lat' dir='ltr'><strong>Beziehung</strong></span> <span class='ocrx_word' id='word_1_472' title='bbox 682 2675 747 2710; x_wconf 80' lang='lat' dir='ltr'><strong>auf</strong></span> <span class='ocrx_word' id='word_1_473' title='bbox 783 2687 810 2710; x_wconf 89' lang='lat' dir='ltr'><strong>c.</strong></span> <span class='ocrx_word' id='word_1_474' title='bbox 842 2679 896 2718; x_wconf 88' lang='grc'><strong>12,</strong></span> <span class='ocrx_word' id='word_1_475' title='bbox 969 2675 1130 2710; x_wconf 88' lang='lat' dir='ltr'><strong>welcher</strong></span> <span class='ocrx_word' id='word_1_476' title='bbox 1162 2675 1228 2709; x_wconf 87' lang='lat' dir='ltr'><strong>der</strong></span> <span class='ocrx_word' id='word_1_477' title='bbox 1257 2674 1403 2709; x_wconf 87' lang='lat' dir='ltr'><strong>Redner</strong></span> <span class='ocrx_word' id='word_1_478' title='bbox 1434 2674 1589 2719; x_wconf 85' lang='lat' dir='ltr'><strong>spricht,</strong></span> <span class='ocrx_word' id='word_1_479' title='bbox 1622 2675 1713 2709; x_wconf 84' lang='lat' dir='ltr'><strong>fort-</strong></span> 
     </span>
     <span class='ocr_line' id='line_1_51' title="bbox 153 2721 1714 2766; baseline -0.003 -6"><span class='ocrx_word' id='word_1_480' title='bbox 153 2730 205 2759; x_wconf 90' lang='lat'><strong>12.</strong></span> <span class='ocrx_word' id='word_1_481' title='bbox 234 2746 278 2751; x_wconf 91' lang='lat'><strong>--</strong></span> <span class='ocrx_word' id='word_1_482' title='bbox 312 2729 353 2760; x_wconf 76' lang='lat' dir='ltr'><strong>ut</strong></span> <span class='ocrx_word' id='word_1_483' title='bbox 378 2735 476 2766; x_wconf 81' lang='lat' dir='ltr'><strong>vero,</strong></span> <span class='ocrx_word' id='word_1_484' title='bbox 515 2724 570 2759; x_wconf 86' lang='lat' dir='ltr'><strong>als</strong></span> <span class='ocrx_word' id='word_1_485' title='bbox 600 2735 676 2757; x_wconf 87' lang='lat' dir='ltr'><strong>nun</strong></span> <span class='ocrx_word' id='word_1_486' title='bbox 709 2723 798 2757; x_wconf 87' lang='lat' dir='ltr'><strong>aber</strong></span> <span class='ocrx_word' id='word_1_487' title='bbox 829 2734 896 2766; x_wconf 85' lang='lat' dir='ltr'><strong>gar</strong></span> <span class='ocrx_word' id='word_1_488' title='bbox 970 2722 1100 2757; x_wconf 86' lang='lat' dir='ltr'><strong>dauert</strong></span> <span class='ocrx_word' id='word_1_489' title='bbox 1113 2721 1296 2756; x_wconf 83' lang='lat' dir='ltr'><strong>undnoeh</strong></span> <span class='ocrx_word' id='word_1_490' title='bbox 1309 2721 1414 2755; x_wconf 89' lang='lat' dir='ltr'><strong>nicht</strong></span> <span class='ocrx_word' id='word_1_491' title='bbox 1427 2721 1714 2766; x_wconf 79' lang='lat' dir='ltr'><strong>abgeschlossen</strong></span> 
     </span>
     <span class='ocr_line' id='line_1_52' title="bbox 152 2768 1713 2815; baseline -0.004 -8"><span class='ocrx_word' id='word_1_492' title='bbox 152 2774 238 2815; x_wconf 79' lang='lat' dir='ltr'><strong>eret,</strong></span> <span class='ocrx_word' id='word_1_493' title='bbox 266 2777 322 2815; x_wconf 89' lang='lat'><strong>21,</strong></span> <span class='ocrx_word' id='word_1_494' title='bbox 351 2776 382 2813; x_wconf 82' lang='lat'><strong>7,</strong></span> <span class='ocrx_word' id='word_1_495' title='bbox 411 2775 465 2814; x_wconf 89' lang='lat'><strong>10,</strong></span> <span class='ocrx_word' id='word_1_496' title='bbox 491 2771 571 2805; x_wconf 86' lang='lat' dir='ltr'><strong>hier</strong></span> <span class='ocrx_word' id='word_1_497' title='bbox 597 2770 894 2814; x_wconf 73' lang='lat' dir='ltr'><strong>abgeschwacht‚</strong></span> <span class='ocrx_word' id='word_1_498' title='bbox 968 2769 1029 2803; x_wconf 81' lang='lat' dir='ltr'><strong>ist.</strong></span> <span class='ocrx_word' id='word_1_499' title='bbox 1055 2789 1099 2794; x_wconf 95' lang='lat'><strong>—</strong></span> <span class='ocrx_word' id='word_1_500' title='bbox 1125 2769 1321 2811; x_wconf 79' lang='lat' dir='ltr'><strong>ciebamus,</strong></span> <span class='ocrx_word' id='word_1_501' title='bbox 1347 2768 1416 2802; x_wconf 88' lang='lat' dir='ltr'><strong>wie</strong></span> <span class='ocrx_word' id='word_1_502' title='bbox 1442 2772 1480 2811; x_wconf 91' lang='lat'><strong>5,</strong></span> <span class='ocrx_word' id='word_1_503' title='bbox 1509 2772 1568 2811; x_wconf 88' lang='grc'><strong>14,</strong></span> <span class='ocrx_word' id='word_1_504' title='bbox 1595 2772 1615 2802; x_wconf 92' lang='grc'>2</span> <span class='ocrx_word' id='word_1_505' title='bbox 1639 2779 1713 2802; x_wconf 87' lang='lat' dir='ltr'><strong>non</strong></span> 
     </span>
     <span class='ocr_line' id='line_1_53' title="bbox 151 2814 1712 2863; baseline -0.003 -10"><span class='ocrx_word' id='word_1_506' title='bbox 151 2818 237 2854; x_wconf 87' lang='lat' dir='ltr'><strong>weil</strong></span> <span class='ocrx_word' id='word_1_507' title='bbox 269 2819 328 2853; x_wconf 87' lang='lat' dir='ltr'><strong>die</strong></span> <span class='ocrx_word' id='word_1_508' title='bbox 360 2818 559 2863; x_wconf 84' lang='lat' dir='ltr'><strong>Wendung</strong></span> <span class='ocrx_word' id='word_1_509' title='bbox 591 2817 704 2852; x_wconf 85' lang='grc'>3611011</span> <span class='ocrx_word' id='word_1_510' title='bbox 737 2820 755 2858; x_wconf 68' lang='grc' dir='ltr'><strong>ἓ</strong></span> <span class='ocrx_word' id='word_1_511' title='bbox 783 2821 799 2850; x_wconf 95' lang='grc'><strong>1</strong></span> <span class='ocrx_word' id='word_1_512' title='bbox 834 2827 895 2860; x_wconf 87' lang='lat' dir='ltr'><strong>ge—</strong></span> <span class='ocrx_word' id='word_1_513' title='bbox 968 2816 1136 2850; x_wconf 82' lang='lat' dir='ltr'><strong>homines</strong></span> <span class='ocrx_word' id='word_1_514' title='bbox 1157 2815 1285 2858; x_wconf 90' lang='lat' dir='ltr'><strong>modo,</strong></span> <span class='ocrx_word' id='word_1_515' title='bbox 1311 2815 1377 2849; x_wconf 81' lang='lat' dir='ltr'><strong>sed</strong></span> <span class='ocrx_word' id='word_1_516' title='bbox 1402 2814 1490 2849; x_wconf 83' lang='lat' dir='ltr'><strong>deos</strong></span> <span class='ocrx_word' id='word_1_517' title='bbox 1515 2815 1627 2849; x_wconf 84' lang='lat' dir='ltr'><strong>etiam</strong></span> <span class='ocrx_word' id='word_1_518' title='bbox 1654 2826 1712 2849; x_wconf 82' lang='lat' dir='ltr'><strong>ex—</strong></span> 
     </span>
    </p>
   </div>
  </div>
 </body>
</html>
