1882 3163
149 114 208 156 40
672 112 818 147 LIBER
842 113 954 147 xxii.
1001 112 1100 148 oAP.
1128 117 1183 149 24.

1561 130 1586 149 a.
1606 131 1634 149 u.
1655 125 1719 151 537.

158 223 284 264 dubie
316 222 454 263 hostis
485 221 682 263 breviore
713 221 783 262 via
813 224 1121 275 praeventurus
1155 224 1264 275 erat,
1300 223 1425 263 nocte
1458 221 1569 262 clam
1601 220 1720 262 missi

111 295 129 325 7
156 280 370 324 Numidae
403 282 618 334 ceperunt.
681 294 787 334 quos
826 281 1012 321 tenentis
1054 281 1196 322 locum
1229 283 1478 335 contempta
1508 280 1725 334 paucitate

158 340 347 382 Romani
373 341 546 393 postero
575 339 641 380 die
668 353 763 380 cum
791 339 1061 393 deiecissent,
1092 340 1176 393 ipsi
1204 353 1252 380 eo
1279 339 1550 380 transferunt
1573 340 1726 378 castra.

112 411 132 442 8
159 403 251 440 tum
283 399 430 453 utique
464 399 665 453 exiguum
699 398 829 452 spatii
862 398 1023 439 vallum
1050 413 1074 438 a
1101 398 1215 439 vallo
1249 398 1416 452 aberat,
1449 400 1492 438 et
1516 397 1558 437 id
1583 396 1725 450 ipsum

158 461 299 500 totum
331 471 464 511 prope
498 457 772 511 conpleverat
803 456 1000 498 Romana
1033 457 1156 498 acies.
1221 456 1349 497 simul
1389 459 1431 497 et
1472 470 1547 510 per
1578 469 1727 496 aversa

161 533 185 558 a
218 517 370 558 castris
402 515 678 570 Hannibalis,
718 516 933 570 equitatus
966 530 1060 557 cum
1098 516 1183 557 levi
1216 517 1434 556 armatura
1467 514 1647 555 emissus
1679 514 1726 553 in

160 576 494 617 frumentatores
526 576 612 616 late
645 575 816 616 caedem
848 574 1080 630 fugamque
1111 574 1303 615 hostium
1334 574 1580 628 palatorum
1613 572 1727 613 fecit.

116 649 135 678 9
164 649 242 676 nec
264 635 352 676 acie
373 636 535 676 certare
555 633 776 675 Hannibal
798 648 938 686 ausus,
965 634 1065 687 quia
1089 635 1212 673 tanta
1237 633 1452 687 paucitate
1479 632 1549 673 vix
1576 633 1730 681 castra,

94 707 138 738 10
167 694 203 735 si
231 696 601 749 oppugnarentur,
633 693 766 734 tutari
797 694 983 747 poterat3
1016 692 1187 745 iamque
1220 691 1386 732 artibus
1408 691 1529 732 Fabii
1549 714 1605 720 ——
1626 704 1726 743 pars

167 754 375 794 exercitus
410 752 559 793 aberat
593 752 695 803 [iam
721 751 851 803 fame]
880 749 902 772 ³²
933 774 979 780 —
1013 750 1195 792 sedendo
1229 752 1272 791 et
1298 750 1535 791 cunctando
1568 749 1729 790 bellum

167 812 360 867 gerebat,
392 813 694 865 receperatque
728 824 828 851 suos
860 810 906 850 in
938 809 1083 863 priora
1115 811 1274 862 castra,
1308 824 1415 863 quae
1441 823 1518 862 pro
1548 807 1730 849 Gereoni

98 886 138 914 11
167 871 393 912 moenibus
422 872 553 911 erant.
603 870 718 910 iusta
744 883 911 923 quoque
939 868 1026 909 acie
1054 870 1097 908 et
1121 868 1303 908 conlatis
1330 868 1463 922 signis
1485 867 1734 908 dimicatum

169 929 343 985 quidam
371 931 564 970 auctores
592 930 708 968 sunt:
735 928 874 982 primo
901 941 1108 968 concursu
1134 925 1325 967 Poenum
1351 940 1486 980 usque
1513 926 1564 966 ad
1592 928 1734 966 castra

169 990 328 1043 fusum,
366 988 464 1029 inde
504 987 726 1041 eruptione
764 986 881 1027 facta
918 988 1092 1039 repente
1129 998 1301 1025 versum
1333 987 1541 1026 terrorem
1573 984 1620 1025 in
1651 982 1736 1025 Ro-

169 1062 338 1101 manos,
382 1046 562 1087 Numeri
601 1045 767 1087 Decimi
807 1043 1011 1085 Samnitis
1051 1043 1202 1084 deinde
1240 1043 1482 1083 interventu
1527 1043 1736 1096 proelium

102 1120 144 1151 12
171 1108 431 1148 restitutum.
500 1105 614 1146 hunc
658 1104 895 1157 principem
940 1116 1094 1157 genere
1139 1115 1187 1143 ac
1229 1101 1389 1142 divitiis
1426 1116 1514 1142 non
1552 1100 1736 1142 Boviani

172 1165 313 1219 modo,
345 1164 456 1205 unde
490 1166 598 1216 erat,
634 1162 705 1204 sed
738 1165 831 1203 toto
868 1160 1060 1213 Samnio,
1095 1161 1213 1201 iussu
1246 1160 1467 1201 dictatoris
1495 1162 1590 1201 octo
1617 1159 1737 1201 milia

172 1224 365 1278 peditum
400 1226 442 1264 et
475 1222 640 1277 equites
674 1221 934 1276 quingentos
977 1220 1199 1261 ducentem
1238 1219 1282 1259 in
1321 1222 1479 1273 castra,
1521 1218 1574 1259 ab
1611 1220 1736 1273 tergo

173 1298 267 1325 cum
303 1282 575 1337 apparuisset
605 1280 863 1334 Hannibali,
909 1279 1092 1333 speciem
1131 1278 1244 1332 parti
1283 1278 1452 1333 utrique
1490 1277 1739 1331 praebuisse

101 1359 144 1389 13
172 1342 275 1384 novi
307 1341 509 1396 praesidii
543 1354 640 1381 cum
672 1338 717 1388 Q.
745 1339 879 1380 Fabio
914 1338 966 1379 ab
1001 1338 1138 1379 Roma
1169 1337 1390 1377 venientis.
1446 1336 1740 1377 Hannibalem

173 1400 431 1442 insidiarum
466 1413 633 1454 quoque
666 1398 829 1452 aliquid
860 1398 1085 1438 timentem
1111 1395 1321 1450 recepisse
1348 1410 1467 1449 suos,
1498 1395 1742 1437 Romanum

174 1461 415 1501 insecutum
450 1458 679 1499 adiuvante
713 1455 903 1498 Samnite
944 1455 1025 1497 duo
1069 1455 1247 1497 castella
1281 1468 1328 1495 eo
1364 1454 1431 1495 die
1463 1467 1743 1509 expugnasse.

106 1535 150 1565 14
179 1533 251 1560 sex
278 1518 399 1559 milia
423 1517 615 1559 hostium
637 1530 773 1569 caesa,
800 1516 987 1570 quinque
1009 1514 1238 1555 admodum
1257 1513 1571 1566 Romanorum,
1598 1516 1744 1554 tamen

177 1578 223 1618 in
254 1580 344 1618 tam
377 1576 471 1630 pari
503 1590 638 1630 prope
672 1575 791 1616 clade
823 1571 976 1615 vanam
1001 1573 1163 1614 famam
1190 1571 1389 1626 egregiae
1415 1572 1620 1613 victoriae
1647 1586 1743 1613 cum

177 1636 428 1677 vanioribus
460 1635 616 1675 litteris
649 1634 847 1688 magistri
880 1632 1070 1687 equitum
1102 1631 1284 1673 Romam
1317 1631 1540 1684 perlatam.

231 1814 262 1846 8.
290 1813 363 1844 tum
391 1810 527 1854 utique,
549 1809 643 1853 jetzt
668 1807 838 1842 vollends
859 1835 865 1842 .
890 1834 896 1841 .
919 1835 926 1841 .

181 1869 251 1892 nur
287 1857 400 1898 noch;
441 1856 664 1900 Steigerung
702 1867 745 1888 zu
777 1853 928 1899 propius

183 1908 201 1946 ξ
227 1908 265 1945 53
299 1904 488 1948 eoeiyuum,
527 1902 780 1937 verdeutlicht
811 1901 927 1935 durch

181 1952 314 1996 spatii,
351 1950 421 1985 wie
459 1950 581 1985 neben
619 1949 747 1994 longe,
786 1947 928 1993 procul,

182 2009 313 2043 parum
340 1998 470 2032 abesse
491 1997 587 2032 auch
606 1997 767 2031 multum
787 1996 844 2030 ab.
866 2005 928 2040 ge-

184 2047 269 2089 sagt
294 2044 396 2079 wird.
424 2065 468 2069 —
496 2045 607 2085 acies,
641 2044 721 2078 hier
753 2043 812 2076 die
837 2046 927 2077 rom.

183 2092 390 2136 Legionen‚
435 2089 479 2125 τὰ
527 2089 644 2136 βαρέα
688 2090 761 2124 τῶν
802 2084 927 2122 ὅπλων

185 2139 282 2173 nach
307 2138 386 2172 Pol.
414 2142 446 2180 3,
473 2141 550 2180 102,
572 2141 603 2171 2.
632 2157 675 2161 —
696 2148 764 2180 per
790 2146 928 2177 aversa,

184 2198 246 2220 zur
271 2186 381 2229 porta
407 2184 613 2218 decumana
643 2183 793 2226 hinaus,
829 2183 927 2216 wah—

186 2231 278 2267 rend
304 2232 370 2266 das
397 2231 559 2265 schwere
575 2229 755 2264 Fussvolk
774 2241 839 2264 aus
866 2229 930 2262 der

187 2292 221 2324 p.
248 2278 438 2323 praetoria
463 2277 761 2318 debouschierte3
789 2280 846 2318 24,
874 2279 928 2317 17,

189 2331 208 2361 3
242 2337 309 2371 per
346 2335 513 2360 aversam
553 2325 599 2358 ab
637 2325 744 2358 hoste
782 2324 930 2367 portam

190 2372 341 2415 emittit,
369 2376 401 2415 5,
428 2375 484 2413 29,
511 2376 543 2405 4.

238 2424 269 2454 9.
299 2423 354 2454 10.
381 2429 504 2461 ausus,
529 2418 640 2453 nami.
663 2418 736 2458 θεὲ,
762 2415 853 2450 iiber
873 2415 933 2449 die

191 2467 417 2502 Parenthese
444 2479 470 2500 s.
498 2465 583 2499 krit.
611 2464 706 2498 Anh.
728 2483 771 2488 —
791 2463 933 2507 yerebat

190 2514 291 2548 kann
327 2514 420 2547 auch
446 2524 518 2547 von
545 2513 633 2556 quia
657 2510 847 2554 abh'angig
871 2519 933 2554 ge-

193 2561 305 2595 dacht
348 2560 514 2602 werden3
557 2560 706 2604 priora,
756 2557 822 2592 das
872 2557 933 2590 be-

192 2607 360 2652 festigte,
395 2607 473 2642 also
500 2618 562 2641 um
590 2606 668 2640 sich
695 2603 862 2639 defensiv
889 2615 934 2637 zu

192 2655 331 2690 halten.

244 2705 299 2737 11.
338 2701 428 2736 conl.
464 2701 596 2745 signis,
636 2700 692 2736 oft
721 2697 937 2733 verbunden

196 2748 263 2782 mit
277 2748 368 2791 acie,
380 2748 477 2782 iusto
491 2747 645 2791 proelio,
659 2757 779 2790 aequo
795 2755 936 2788 campo,

197 2799 253 2839 23,
280 2798 335 2837 40,
363 2798 393 2828 9.
433 2798 489 2836 24,
515 2797 571 2836 48,
601 2797 655 2828 12.
695 2813 739 2818 ——
778 2792 938 2837 quidam,

198 2841 372 2876 darunter
406 2841 470 2875 der
503 2840 811 2881 Gewahrsmann,
850 2837 937 2872 wel—

199 2888 305 2922 chem
338 2887 407 2921 Dio
436 2886 581 2922 Cassius
615 2887 791 2929 (Zonaras
819 2888 850 2930 8,
876 2884 936 2927 26)

1000 1806 1137 1850 folgte,
1175 1804 1398 1839 vermutlich
1436 1804 1574 1839 Fabius
1609 1803 1745 1848 Pictor,

1002 1853 1073 1887 den
1106 1852 1274 1887 indessen
1306 1852 1347 1886 L.
1376 1851 1596 1886 schwerlich
1622 1851 1745 1886 direkt

1000 1901 1187 1935 benfitzte.
1208 1919 1252 1924 —
1273 1899 1427 1941 Decimi,
1447 1910 1520 1933 von
1541 1897 1747 1942 Decimius;

1001 1947 1075 1991 vgl.
1094 1945 1278 1988 Quintius,
1294 1945 1450 1989 Sextius,
1464 1944 1607 1980 Nonius
1627 1945 1748 1980 neben

1004 1993 1174 2038 Quintus,
1202 1993 1343 2035 Sextus,
1370 1991 1556 2027 Decimus.

1053 2068 1107 2098 12.
1134 2063 1269 2105 Fabio,
1295 2074 1334 2097 so
1361 2061 1441 2096 dass
1462 2062 1667 2107 eigentlich
1686 2062 1749 2097 die

1001 2110 1140 2144 Furcht
1157 2121 1224 2144 vor
1238 2109 1277 2143 F.
1293 2109 1365 2143 den
1382 2109 1501 2142 Hann.
1523 2120 1603 2142 zum
1624 2109 1746 2142 Rsick-

1003 2167 1093 2201 zuge
1137 2155 1348 2198 bestimmt,
1398 2155 1513 2188 worin
1557 2165 1644 2188 man
1688 2155 1749 2189 die

1002 2202 1295 2245 Parteistellung
1336 2201 1399 2236 des
1441 2201 1747 2242 Quellenschrift-

1003 2249 1148 2284 stellers
1175 2249 1340 2283 erkennt.

1053 2312 1106 2342 13.
1151 2307 1224 2341 duo
1268 2306 1435 2341 castella:
1485 2306 1543 2340 die
1589 2306 1747 2351 Angabe

1007 2355 1150 2389 scheint
1171 2354 1302 2388 daraus
1324 2353 1558 2396 entstanden,
1585 2352 1665 2388 dass
1686 2353 1747 2388 die

1005 2402 1142 2436 Romer
1155 2401 1252 2435 nach
1266 2400 1343 2434 Pol.
1355 2399 1419 2434 das
1433 2400 1748 2444 vorgeschobene,

1006 2459 1079 2483 von
1098 2448 1217 2482 Hann.
1238 2447 1444 2481 verlassene
1465 2445 1584 2491 Lagei·
1606 2447 1746 2481 besetz-

1006 2498 1070 2531 ten
1096 2495 1170 2529 und
1195 2494 1292 2528 nach
1317 2497 1335 2535 ξ
1358 2497 1376 2528 7
1397 2493 1457 2527 die
1483 2493 1662 2537 punische
1680 2494 1748 2528 Po-

1008 2542 1118 2577 sition
1157 2540 1225 2576 auf
1258 2541 1342 2575 dem
1373 2540 1495 2584 Hiigel
1527 2551 1748 2584 genommen

1008 2591 1150 2624 hatten.

1059 2651 1113 2683 14.
1149 2659 1180 2692 q.
1208 2646 1417 2688 admodum,
1449 2645 1548 2679 volle
1575 2648 1677 2680 5000.
1706 2666 1749 2670 —

1009 2706 1160 2737 vanam,
1191 2693 1261 2727 wie
1295 2697 1356 2736 33,
1389 2696 1450 2735 44,
1480 2696 1498 2726 7
1534 2703 1632 2726 vana
1670 2703 1752 2736 spes

1011 2753 1054 2776 ex
1080 2741 1229 2776 vaniore
1266 2750 1413 2774 rumore
1446 2740 1543 2782 orta,
1576 2742 1607 2780 9,
1635 2742 1667 2780 9,
1698 2743 1750 2775 15.

1011 2793 1067 2833 24,
1095 2792 1150 2831 32,
1178 2791 1216 2829 33
1249 2787 1394 2828 litteris,
1428 2785 1544 2820 worin
1569 2785 1752 2821 Minucius

1010 2836 1106 2870 nach
1141 2835 1226 2869 Zon.
1265 2837 1296 2876 8,
1337 2837 1381 2867 26
1420 2832 1490 2866 den
1527 2831 1663 2866 Fabius
1707 2831 1753 2866 τὰ

1012 2882 1086 2916 τῶν
1114 2878 1295 2916 ἐναντίων
1322 2879 1538 2924 φρονοῦντα
1563 2881 1712 2914 nannte.
