1882 3163
165 132 198 150 a.
222 123 263 150 ch
298 124 359 149 217.
653 110 799 146 LIBER
825 111 936 146 XXII.
982 110 1082 145 CAP.
1110 115 1165 146 23.
1193 114 1248 145 24.
1684 108 1740 150 39

173 235 249 275 pro
283 222 342 263 eis
377 221 568 262 debitum
600 233 726 273 saepe
759 219 919 260 iactata
950 219 993 260 in
1026 222 1176 260 senatu
1203 233 1266 273 re,
1299 218 1501 274 quoniam
1526 232 1614 260 non
1640 231 1739 260 con·
1766 229 1786 260 8

173 279 376 321 suluisset
401 283 560 334 patres,
591 278 755 319 tardius
783 281 1044 332 erogaretur,
1069 278 1327 319 inviolatum
1355 278 1407 319 ab
1435 278 1558 319 hoste
1586 290 1738 333 agrum

171 338 305 380 misso
324 339 508 381 Romam
529 336 686 387 Quinto
706 337 795 378 filio
817 336 1029 390 vendidit,
1053 336 1266 391 fidemque
1292 337 1509 391 publicam
1536 336 1738 392 inpendio

169 397 340 451 privato
374 397 564 439 exsolvit.

289 456 508 497 Hannibal
540 469 617 510 pro
644 454 829 497 Gereoni
862 454 1104 508 moenibus,
1137 454 1256 495 cuius
1287 454 1403 496 urbis
1432 457 1581 509 captae
1610 457 1738 510 atque
1764 468 1784 499 9

170 515 369 556 incensae
402 515 455 556 ab
489 528 532 555 se
564 514 609 555 in
641 528 766 555 usum
798 514 1050 555 horreorum
1082 527 1219 567 pauca
1251 513 1484 568 reliquerat
1521 517 1656 565 tecta,
1694 514 1736 556 in

169 574 340 615 stativis
366 576 468 614 erat.
518 573 617 614 inde
642 573 950 614 frumentatum
978 572 1082 613 duas
1109 573 1320 614 exercitus
1348 576 1491 626 partes
1518 573 1737 627 mittebat,
1766 586 1808 617 10

166 646 267 673 cum
298 632 427 673 tertia
459 632 552 686 ipse
585 632 783 686 expedita
820 632 865 672 in
904 632 1090 673 statione
1129 634 1220 673 erat
1259 632 1386 672 simul
1425 632 1577 673 castris
1617 647 1736 686 prae-

167 691 276 732 sidio
321 693 364 732 et
409 691 793 745 circumspectans,
842 689 1032 732 necunde
1081 690 1267 745 impetus
1313 690 1356 731 in
1401 690 1736 733 frumentatores

163 750 298 790 fieret.
348 749 569 791 Romanus
601 753 704 791 tunc
731 750 941 791 exercitus
968 749 1013 790 in
1040 763 1143 804 agro
1165 749 1358 791 Larinati
1385 752 1487 791 erat.
1538 753 1736 804 praeerat
1757 757 1808 794 24

163 807 379 850 Minucius
412 809 619 864 magister
645 809 835 864 equitum
868 808 1079 863 profecto,
1111 809 1222 850 sicut
1253 811 1352 850 ante
1378 808 1540 850 dictum
1567 811 1643 863 est,
1676 809 1728 851 ad

165 867 316 908 urbem
349 867 570 910 dictatore.
633 871 820 909 ceterum
853 870 1004 921 castra,
1038 882 1145 922 quae
1178 868 1223 909 in
1255 871 1402 909 monte
1436 868 1526 909 alto
1561 882 1608 911 ac
1640 871 1732 910 tuto
1764 879 1784 910 2

165 926 260 968 loco
293 927 435 981 posita
460 927 649 981 fuerant,
681 927 767 968 iam
793 927 838 968 in
864 927 1041 981 planum
1069 927 1335 981 deferuntur3
1371 927 1733 982 agitabanturque

166 1000 245 1040 pro
277 986 452 1041 ingenio
481 986 599 1028 ducis
628 986 809 1027 consilia
836 985 1058 1039 calidiora,
1090 988 1138 1027 ut
1164 987 1350 1040 impetus
1378 989 1451 1027 aut
1477 987 1522 1027 in
1547 985 1734 1028 frumen-

164 1047 330 1086 tatores
363 1045 533 1099 palatos
568 1047 641 1086 aut
672 1045 715 1086 in
749 1047 888 1087 castra
921 1045 1072 1086 relicta
1104 1059 1200 1086 cum
1232 1046 1314 1086 levi
1353 1044 1568 1100 praesidio
1602 1045 1733 1088 fieret.

165 1116 242 1145 nec
268 1102 558 1145 Hannibalem
591 1103 747 1145 fefellit
773 1118 869 1145 cum
896 1104 1000 1146 duce
1027 1106 1237 1145 mutatam
1265 1119 1356 1145 esse
1382 1104 1483 1146 belli
1509 1104 1735 1159 rationem,
1760 1115 1781 1146 3

161 1162 421 1204 estc-ferocius
455 1177 582 1217 quam
615 1163 851 1204 consultius
884 1177 970 1204 rem
1006 1163 1151 1204 hostes
1186 1165 1395 1218 gesturos.
1456 1163 1548 1217 ipse
1590 1166 1732 1205 autem
1760 1176 1781 1206 4

168 1244 218 1250 —
257 1221 369 1276 quod
408 1223 581 1262 minime
622 1222 715 1276 quis
754 1222 944 1263 crederet
982 1246 1037 1252 —-
1077 1236 1171 1264 cum
1211 1222 1348 1264 hostis
1393 1223 1569 1277 propius
1609 1226 1733 1277 esset,

160 1280 335 1321 tertiam
368 1283 535 1334 partem
567 1281 755 1322 militum
788 1281 1095 1323 frumentatum
1122 1281 1285 1323 duabus
1313 1282 1357 1322 in
1377 1281 1529 1323 castris
1550 1283 1731 1324 retentis

162 1338 343 1394 dimisit3
386 1338 484 1380 dein
524 1343 665 1381 castra
703 1340 799 1394 ipsa
836 1340 1013 1394 propius
1045 1341 1215 1382 hostem
1249 1341 1382 1382 movit
1415 1340 1498 1382 duo
1540 1341 1673 1382 ferme
1707 1356 1732 1383 a
1758 1352 1779 1383 5

162 1397 376 1440 Gereonio
410 1398 531 1439 milia
563 1399 608 1439 in
639 1399 854 1440 tumulum
886 1399 1001 1441 hosti
1034 1402 1328 1453 conspectum,
1363 1403 1411 1440 ut
1443 1401 1659 1441 intentum
1691 1414 1733 1442 se

161 1458 290 1498 sciret
321 1471 412 1498 esse
447 1458 499 1499 ad
531 1458 882 1511 frumentatores,
916 1459 951 1499 si
984 1473 1068 1513 qua
1100 1460 1164 1500 vis
1196 1459 1334 1511 fieret,
1367 1459 1585 1500 tut-andos
1635 1473 1731 1513 pro·
1757 1471 1778 1502 6

160 1516 257 1569 pior
287 1516 385 1557 inde
419 1516 456 1557 ei
489 1519 617 1572 atque
649 1517 754 1571 ipsis
787 1517 1000 1559 inminens
1030 1517 1322 1559 Romanorum
1355 1518 1506 1559 castris
1539 1519 1730 1560 tumulus

160 1576 379 1629 apparuit,
413 1575 465 1616 ad
499 1590 624 1631 quem
657 1576 910 1630 capiendum
943 1577 979 1618 si
1010 1577 1103 1618 luce
1135 1578 1280 1630 palam
1307 1577 1456 1630 iretur,
1490 1577 1590 1631 quia
1615 1576 1730 1618 haud

160 1734 204 1739 —
237 1714 340 1757 fidem
373 1726 413 1759 p.
459 1715 517 1750 die
563 1715 614 1749 im
654 1714 798 1750 Namen
843 1715 906 1750 des

160 1760 309 1795 Staates
321 1762 906 1808 eingegangeneVerpflichtung3

159 1809 348 1851 inpendio,
376 1811 469 1844 statt
489 1809 552 1844 des
579 1809 906 1854 gewohnlicheren

162 1857 315 1899 sumptu
341 1856 429 1891 oder
455 1856 623 1900 inpensa,
650 1860 682 1898 7,
707 1860 763 1898 21,
793 1860 823 1891 7.

209 1917 239 1947 9.
280 1917 333 1948 10.
375 1925 518 1958 pauca:
563 1914 621 1948 die
662 1914 904 1960 Darstellung

160 1961 298 1994 weicht
324 1972 396 1996 von
423 1961 488 1995 der
515 1961 827 2005 Polybianischen
854 1966 900 2003 (3,

163 2012 241 2049 100,
266 2011 288 2041 4
314 2005 380 2046 τὰς
404 2009 578 2047 πλείστας
605 2007 726 2048 οἰκίας
751 2005 903 2051 ἀκεραί-

160 2067 226 2094 ους
262 2054 483 2099 ὃιεφύλαξε)
523 2056 586 2097 ab,
626 2067 689 2089 um
727 2056 786 2089 die
823 2055 905 2090 Zer-

160 2103 445 2146 sturungssucht
470 2102 677 2137 Hannibale
710 2103 906 2138 hervorzu-

159 2149 297 2192 heben,
340 2150 410 2184 wie
450 2150 544 2183 auch
583 2150 750 2185 incensae
788 2150 904 2184 durch

158 2196 236 2232 Pol.
259 2197 363 2231 nicht
388 2196 567 2242 bestatigt
594 2197 696 2231 wird.
723 2197 774 2231 Zu
796 2208 825 2231 c.
849 2202 902 2238 18,

159 2247 179 2277 7
207 2243 283 2277 und
316 2248 347 2285 9,
375 2247 406 2277 2.
435 2264 478 2269 —
505 2245 666 2286 stativis,
698 2245 792 2278 nach
824 2245 902 2280 Pol.

158 2290 218 2324 ein
253 2290 471 2335 befestigtes
499 2291 635 2336 Lage1·‚
672 2291 755 2326 weil
782 2291 900 2326 Hann.

158 2337 229 2372 den
262 2348 403 2382 ganzen
438 2337 582 2372 Winter
615 2339 653 2373 in
689 2338 903 2374 demselben

157 2384 268 2419 blieb.
317 2405 359 2409 —
404 2385 686 2427 frumentatum,
735 2398 798 2420 um
842 2386 902 2420 die

157 2431 311 2477 notigen
349 2432 506 2467 Vorrate
551 2431 608 2466 fur
647 2432 717 2467 den
755 2431 903 2468 Winter

157 2489 201 2512 zu
239 2479 438 2520 sammeln;
476 2480 570 2513 <luas
602 2483 728 2522 partes
765 2491 807 2513 zu
845 2483 901 2521 21,

157 2529 213 2564 40,
242 2529 280 2568 7;
315 2527 498 2568 mittebat,
524 2526 730 2570 alltaglieh.
759 2546 801 2551 —
828 2531 898 2562 sta·

157 2574 264 2614 tione,
291 2574 383 2608 iiber
408 2573 520 2608 deren
536 2572 775 2618 Aufstellung
801 2586 845 2608 zu
872 2585 900 2609 c.

159 2623 214 2662 12,
242 2623 274 2653 9.
302 2624 358 2662 25,
388 2624 442 2664 39,
470 2625 502 2654 2.

206 2701 266 2744 24,
289 2705 319 2736 1.
341 2706 373 2736 2.
400 2703 441 2736 in
466 2713 553 2747 ayro
579 2702 669 2737 Lar.
698 2702 766 2736 wie
787 2703 901 2738 sehon

157 2758 185 2782 c.
226 2753 280 2793 18,
314 2753 333 2783 7
372 2750 589 2795 angegeben
627 2760 713 2784 war.
754 2769 796 2775 —
830 2761 901 2795 pro

154 2796 314 2840 inqenio,
350 2797 419 2831 wie
445 2797 522 2831 dies
555 2796 615 2831 bei
642 2798 744 2840 (von)
769 2826 776 2832 .
800 2822 807 2831 .
829 2827 836 2833 .
858 2810 901 2832 zu

157 2845 338 2878 erwarten
377 2854 470 2885 war;
509 2844 708 2885 calidiora,
743 2844 810 2879 wie
843 2849 900 2889 35,

156 2892 212 2932 32,
243 2893 283 2924 13
311 2890 466 2926 consilia
491 2890 613 2925 calida
640 2895 676 2926 et
702 2891 868 2927 audacia.

1029 1719 1060 1750 3.
1089 1721 1120 1751 4.
1161 1717 1336 1759 ferocius,
1370 1727 1551 1761 synonym
1587 1718 1728 1752 temere

980 1775 1008 1798 c.
1031 1767 1087 1806 38,
1112 1767 1165 1806 12,
1193 1764 1354 1798 welches
1383 1774 1511 1808 wegen
1538 1764 1602 1799 des
1623 1775 1729 1799 man-

979 1810 1142 1855 gelnden
1174 1809 1419 1855 Komparativ
1451 1810 1532 1845 hier
1565 1810 1728 1856 weniger

977 1857 1110 1902 passte.
1140 1878 1182 1882 -
1208 1858 1304 1902 quod
1331 1869 1375 1892 m.
1396 1869 1428 1902 q.
1449 1858 1614 1900 crederet,
1643 1858 1728 1893 weil

980 1915 1065 1938 man
1088 1906 1329 1947 voraussetzt,
1355 1904 1475 1939 Hann.
1497 1904 1619 1939 werde
1641 1905 1726 1940 dem

977 1950 1272 1996 kampflustigen
1304 1950 1379 1986 und
1416 1951 1494 1985 ihm
1526 1952 1623 1987 nahe
1663 1964 1726 1997 ge·

980 1999 1136 2033 rfickten
1173 1997 1318 2044 Gegner
1350 1998 1456 2033 nicht
1494 1998 1610 2034 durch
1642 1999 1724 2034 eine

980 2044 1212 2089 gefahrliche
1280 2046 1575 2091 Detaschierung
1643 2047 1724 2082 eine

979 2092 1103 2128 Blosse
1131 2093 1272 2137 geben,
1299 2097 1330 2135 5,
1360 2097 1390 2137 7,
1420 2097 1450 2127 1.

1028 2144 1058 2174 5.
1097 2144 1216 2175 castra
1255 2141 1383 2183 movit,
1423 2151 1462 2174 er
1500 2140 1631 2186 schlug
1664 2141 1725 2176 ein

977 2198 1090 2222 neues
1109 2187 1229 2232 Lager
1249 2187 1322 2231 auf,
1349 2188 1445 2222 ohne
1466 2187 1638 2223 indessen
1657 2189 1723 2224 das

977 2235 1070 2276 alte,
1106 2235 1145 2269 in
1172 2235 1352 2270 welchem
1379 2235 1443 2269 das
1471 2235 1621 2280 Gep'ack
1647 2235 1722 2281 lag,

978 2281 1233 2317 abzubrechen
1260 2283 1356 2317 nach
1382 2285 1401 2324 ξ
1424 2286 1467 2317 10
1494 2282 1570 2317 und
1593 2282 1719 2327 Polyb.

978 2349 1021 2354 ——
1055 2333 1298 2373 conspectum,
1337 2329 1487 2373 spatlat.
1529 2330 1719 2374 conspica-

976 2376 1073 2419 bilis,
1097 2377 1192 2410 nach
1214 2376 1397 2421 Analogie
1419 2376 1485 2411 der
1503 2377 1572 2411 mit
1593 2377 1630 2411 in
1649 2378 1721 2422 pri-

975 2423 1142 2458 vativum
1185 2423 1468 2467 komponierten
1499 2424 1596 2458 Part.
1629 2424 1721 2468 perf.

975 2482 1071 2515 pass
1083 2470 1152 2505 wie
1167 2470 1340 2512 invictus,
1356 2469 1534 2513 sichtbai·,
1548 2474 1603 2512 27,
1613 2474 1669 2513 27,
1679 2475 1718 2513 3-;

976 2517 1091 2552 daher
1111 2517 1176 2551 der
1195 2517 1306 2551 Dativ
1333 2518 1445 2558 leosti‚·
1473 2518 1535 2559 vis,
1564 2517 1718 2563 Angriff.

1024 2568 1055 2598 6.
1095 2565 1171 2599 luce
1202 2565 1331 2608 palam
1368 2563 1440 2598 Cic.
1475 2564 1569 2599 offic.
1603 2568 1635 2608 3,
1662 2569 1719 2608 24,

976 2615 1037 2653 93;
1065 2623 1108 2645 zu
1129 2622 1158 2645 c.
1178 2614 1234 2653 22,
1252 2615 1311 2651 15;
1339 2611 1534 2654 Numidae,
1561 2611 1620 2646 die
1647 2623 1719 2647 von

976 2660 1046 2692 den
1062 2658 1223 2692 Rbmern
1238 2669 1298 2691 am
1314 2657 1471 2693 meisten
1486 2658 1718 2702 gefiirchtete

976 2705 1137 2749 Truppe,
1164 2704 1224 2739 die
1244 2704 1282 2738 L.
1305 2705 1373 2739 mit
1392 2704 1567 2740 Vorliebe
1593 2709 1716 2749 neunt,

975 2763 1031 2786 wo
1066 2751 1146 2786 eine
1179 2751 1260 2786 List
1292 2753 1512 2795 ausgeffihrt
1543 2752 1652 2796 wird,
1688 2765 1717 2790 c.

975 2802 1031 2841 48,
1059 2802 1095 2839 2;
1128 2799 1224 2832 nach
1252 2798 1328 2834 Pol.
1357 2803 1448 2834 2000
1480 2798 1717 2844 λογχοφόροι,

975 2846 1033 2880 die
1061 2844 1139 2880 sich
1165 2857 1227 2879 zur
1254 2845 1460 2891 Besetzung
1485 2847 1548 2882 des
1576 2847 1717 2893 Htigels

976 2893 1099 2927 besses
1126 2892 1271 2937 eignen.
