1882 3163
598 165 743 200 LIBER,
767 165 864 200 XXI.
917 165 1019 201 CAP.
1048 170 1104 202 10.
1580 170 1634 211 21

69 275 240 316 hostem
268 289 323 315 an
339 288 416 316 vos
443 288 499 314 an
522 274 743 315 fortunam
764 274 992 329 utriusque
1013 274 1165 330 populi
1191 275 1439 329 ignoratis?
1466 275 1637 330 legatos

71 333 125 374 ab
168 333 296 375 sociis
336 336 379 374 et
420 347 498 387 pro
538 332 666 374 sociis
706 333 926 374 venientes
970 333 1109 375 bonus
1149 334 1388 389 imperator
1418 337 1562 377 vester
1593 335 1639 376 in

71 395 214 434 castra
245 407 330 434 non
363 391 555 447 admisit,
596 392 663 433 ius
697 392 894 446 gentium
926 393 1126 447 sustulit3
1168 393 1213 434 hi
1245 396 1410 449 tamen,
1443 394 1553 435 unde
1584 408 1638 436 ne

70 451 264 493 hostium
292 451 466 506 quidem
487 451 624 505 legati
650 453 872 506 arcentur,
902 451 1019 505 pulsi
1046 452 1100 493 ad
1125 466 1204 493 nos
1231 456 1460 506 venerunt3
1492 468 1560 495 res
1588 468 1639 495 ex

70 509 240 552 foedere
272 513 491 564 repetunt3
533 513 582 552 ut
620 510 793 565 publica
824 510 944 551 fraus
979 510 1114 565 absit,
1154 514 1375 553 auctorem
1410 512 1561 567 culpae
1595 515 1639 554 et

70 584 192 611 reum
217 569 410 610 criminis
439 569 686 623 deposcunt.
738 584 822 625 quo
848 569 988 611 lenius
1016 573 1174 625 agunt,
1207 571 1383 625 segnius
1411 571 1636 626 incipiunt,
1658 579 1676 609 7

72 642 134 683 60,
166 639 268 669 611111·
295 629 536 683 coeperint,
570 643 719 670 vereor
743 643 796 670 ne
822 629 1169 684 perseverantius
1196 629 1403 671 saeviant.
1454 630 1638 685 Aegatis

71 687 235 729 insulas
262 687 530 742 Erycemque
557 690 657 729 ante
690 687 837 729 oculos
870 688 1121 744 proponite,
1154 703 1262 743 quae
1295 692 1410 730 terra
1445 689 1639 745 marique

70 761 146 801 per
178 749 382 801 quattuor
415 749 457 788 et
490 746 646 802 viginti
687 761 822 788 annos
863 747 981 801 passi
1023 747 1134 789 sitis.
1193 763 1272 790 nec
1312 763 1420 802 puer
1450 749 1521 791 hic
1554 749 1637 790 dux
1659 756 1679 786 8

71 809 182 860 erat⁷
215 806 288 847 sed
321 809 445 860 pater
476 806 570 860 ipse
596 805 838 860 Hamilcar,
863 805 981 848 Mars
1009 807 1132 861 alter,
1164 809 1214 848 ut
1245 807 1320 848 isti
1348 808 1511 849 volunt.
1565 809 1640 849 sed

71 863 278 919 Tarento,
320 865 363 905 id
405 868 470 906 est
501 865 650 919 ltalia,
688 879 774 906 non
815 865 1164 907 abstinueramus
1203 881 1253 908 ex
1296 866 1489 922 foedere,
1527 867 1640 909 sicut

70 938 182 965 nunc
215 922 410 978 Sagunto
443 938 529 965 non
562 924 843 966 abstinemus.
900 925 1094 966 vicerunt
1129 939 1232 979 ergo
1266 926 1308 967 di
1340 925 1557 981 homines,
1596 930 1639 968 et
1661 935 1680 965 9

70 983 134 1037 id,
165 982 217 1024 de
250 998 333 1038 quo
366 983 510 1025 verbis
544 983 866 1038 ambigebatur,
905 987 1002 1026 uter
1033 985 1220 1040 populus
1252 984 1403 1027 foedus
1437 985 1639 1040 rupisset,

72 1045 250 1084 eventus
284 1042 388 1084 belli
414 1042 532 1084 velut
564 1057 689 1084 aecus
716 1043 866 1097 iudex,
897 1043 1010 1085 unde
1042 1044 1108 1085 ius
1143 1043 1305 1100 stabat,
1340 1045 1378 1085 ei
1410 1045 1639 1086 victoriam

72 1101 200 1143 dedit.
265 1100 521 1157 Carthagini
561 1117 674 1143 nunc
710 1101 930 1144 Hannibal
963 1102 1110 1144 vineas
1149 1106 1377 1158 turresque
1416 1105 1701 1158 admovet310

73 1158 350 1215 Carthaginis
378 1161 549 1202 moenia
577 1162 719 1215 quatit
746 1162 900 1203 ariete:
928 1160 1114 1217 Sagunti
1140 1162 1290 1204 ruinae
1318 1187 1372 1192 —-
1399 1164 1535 1204 falsus
1557 1163 1638 1205 uti-

70 1233 170 1260 nam
189 1223 312 1261 vates
339 1219 421 1260 sim
451 1243 500 1248 --—-
530 1221 690 1261 nostris
718 1220 932 1275 capitibus
955 1221 1158 1276 incident,
1184 1226 1516 1277 susceptumque
1543 1236 1639 1264 cum

73 1276 324 1332 Saguntinis
360 1278 519 1320 bellum
546 1278 791 1321 habendum
818 1294 915 1321 cum
941 1279 1148 1322 Romanis
1176 1284 1254 1323 est.
1305 1281 1507 1323 dedemus
1536 1296 1638 1337 ergo
1664 1291 1703 1321 11

72 1336 393 1379 Hannibalem?
427 1337 539 1379 dicet
571 1338 739 1393 aliquis.
791 1339 878 1381 scio
911 1354 1051 1380 meam
1086 1340 1223 1382 levem
1257 1355 1350 1382 esse
1383 1341 1427 1382 in
1461 1355 1509 1382 eo
1545 1355 1640 1383 auc-

67 1473 268 1521 Ῥωμαιόυς
301 1475 370 1522 μὲν
403 1474 617 1522 ἀπέχεσθαι
643 1480 818 1519 Σικελίας

72 1521 235 1568 ἁπάσης,
274 1526 557 1569 Καρχηδονίους
589 1523 630 1559 δὲ
663 1523 818 1566 Ἰταλίας

71 1571 149 1606 Pol.
166 1576 203 1615 3,
219 1576 278 1615 26,
302 1572 377 1606 und
397 1572 515 1607 findet
534 1573 594 1607 (116
616 1574 712 1608 erste
727 1573 824 1608 Ver:

72 1619 223 1663 letzung
236 1620 432 1654 desselben
451 1619 490 1654 in
511 1620 576 1654 der
587 1620 818 1666 Absendung

73 1666 175 1701 einer
217 1666 511 1712 karthagischen
547 1667 672 1703 Flotte
720 1669 817 1703 nach

71 1713 210 1748 Tarent
235 1726 298 1748 zur
325 1714 619 1760 Unterstfitzung
645 1715 708 1750 des
731 1715 816 1760 Pyr-

70 1760 177 1795 rhus:
208 1761 400 1807 Ampelius
426 1766 481 1805 46,
509 1767 529 1797 2
569 1773 680 1798 eausa
707 1775 815 1808 prae—

71 1809 301 1853 tendebatur,
357 1810 452 1853 quod
502 1809 817 1855 Carthayinienses

76 1855 282 1891 Tarentinis
324 1858 537 1899 adfuissent.
611 1857 692 1902 Vgl.
740 1857 819 1893 Liv.

75 1902 254 1937 Periocha
280 1903 343 1939 lib.
370 1908 420 1938 14.

121 1954 151 1984 6.
166 1951 368 1995 fortunam]
396 1950 480 1986 Wie
496 1951 603 1995 jedes
626 1951 723 1985 Volk
749 1951 817 1986 sei—

74 2007 144 2031 nen
170 1996 402 2032 besonderen
418 1997 654 2043 Schutzgeist
673 1999 749 2041 hat,
779 2010 818 2034 so

74 2043 134 2079 die
143 2044 326 2079 rotnische
336 2044 473 2079 Nation
484 2045 555 2079 den
567 2045 819 2091 machtigsten

73 2091 111 2125 in
137 2091 204 2126 der
227 2092 323 2126 auch
349 2092 403 2126 als
429 2092 510 2126 Dea
531 2092 648 2127 Roma
668 2093 816 2127 verehr-

72 2139 135 2174 ten
162 2138 326 2173 Fortuna
352 2139 487 2185 Populi
514 2139 682 2174 Romani.
736 2140 818 2185 Vgl.

73 2185 133 2227 38,
145 2190 200 2225 46,
216 2191 238 2221 4
251 2186 326 2220 und
341 2186 402 2221 die
417 2186 557 2222 Schrift
570 2187 635 2222 des
644 2187 820 2222 Plutarch

73 2232 165 2268 iiber
191 2233 263 2268 den
278 2231 468 2277 Ῥωμαίων
495 2232 611 2279 μέγας
637 2235 794 2278 δαίμων.

115 2282 235 2326 sociis]
246 2280 613 2327 DicWiederholung
621 2282 686 2316 des
695 2281 818 2317 Subst.

74 2327 123 2361 ist
167 2328 227 2362 bei
273 2327 499 2373 einsilbigen
537 2328 819 2374 Priipositionen

74 2376 170 2409 trotz
197 2374 364 2419 gleicher
385 2375 549 2409 Rektion
574 2376 633 2410 fiir
659 2377 730 2411 den
750 2376 817 2411 La-

74 2421 195 2456 teiner
220 2421 325 2455 nicht
349 2433 392 2456 zu
419 2433 604 2467 ersparen.

123 2470 251 2513 bonus}
298 2468 481 2512 ironisch‚
527 2469 644 2504 daher
687 2482 817 2505 voran—

75 2516 244 2559 gestent:
271 2516 357 2550 Tac.
375 2518 467 2550 Ann.
487 2522 521 2557 1,
539 2520 581 2551 59
608 2529 719 2561 neque
732 2529 818 2562 pro-

76 2564 150 2598 bris
187 2565 424 2608 temperabat,·
459 2565 635 2609 eyreyium
667 2569 818 2608 patrem,

76 2622 246 2655 maynum
278 2612 536 2656 imperatorem,
569 2612 697 2654 fortrm
723 2623 818 2645 erer-

77 2658 203 2700 cstum,
248 2669 399 2702 quorum
444 2663 491 2693 tot
535 2670 666 2693 mmm-5
707 2670 820 2693 unam

76 2705 322 2739 mulierculam
341 2707 536 2740 aveni-erint.

123 2753 256 2797 tamen}
304 2752 380 2786 will
425 2753 485 2787 die
527 2752 711 2797 Langmut
755 2753 821 2787 der

75 2798 211 2833 Romer
236 2798 504 2834 hervorheben.

118 2846 234 2890 pulsi}
263 2846 408 2881 starker
433 2847 488 2881 als
511 2858 585 2881 ozon
611 2848 770 2882 ndnm'ssi.

122 2894 242 2938 fraus-1
272 2893 389 2928 damit
427 2906 464 2927 os
499 2894 603 2928 nicht
648 2895 717 2928 (1611
745 2896 817 2928 Au—

77 2939 205 2974 schein
223 2939 332 2983 habe,
353 2940 407 2975 als
423 2941 532 2976 wolle
553 2941 617 2975 (161
635 2941 818 2976 &mische

893 1479 1000 1514 Staat
1015 1480 1163 1514 Nutzen
1184 1491 1250 1514 aus
1272 1480 1337 1515 der
1357 1481 1477 1516 Sache
1497 1480 1639 1524 ziehcn‚

891 1527 1060 1572 begniigt
1083 1527 1162 1562 sich
1184 1527 1354 1562 derselbe
1375 1529 1452 1573 (um
1472 1529 1545 1563 den
1562 1528 1640 1562 ihm

891 1575 1149 1618 ungelegenen
1185 1574 1300 1620 Krieg
1330 1588 1373 1610 zu
1398 1575 1639 1621 vermeiden),

891 1621 960 1656 mit
986 1622 1052 1656 der
1077 1621 1342 1668 Auslieferung
1368 1622 1585 1658 Hannibals.

941 1673 971 1704 7.
999 1670 1190 1715 coeperint]
1219 1669 1372 1705 Perfekt
1397 1683 1440 1704 zu
1466 1671 1614 1715 incipio.

937 1716 1109 1762 Erycem]
1139 1729 1169 1751 c.
1190 1722 1253 1760 41,
1281 1722 1312 1752 6.

937 1764 1041 1810 quae]
1075 1764 1180 1799 nicht
1210 1776 1387 1809 quaeque,
1429 1764 1498 1799 wie
1531 1765 1639 1800 {iber-

888 1811 1008 1856 haupt
1034 1811 1094 1846 (116
1121 1811 1425 1857 zweigliedrigen
1444 1812 1636 1857 Asyndeta

893 1858 932 1892 111
959 1858 1080 1893 dieser
1106 1859 1208 1894 Rede
1234 1860 1320 1894 sehr
1344 1859 1472 1904 h'aufig
1498 1859 1591 1895 sind.

941 1908 972 1940 8.
988 1906 1098 1951 puer]
1123 1906 1332 1941 rhetorisch
1351 1906 1638 1950 fibertreibend3

892 1951 1074 1997 richtiger
1101 1955 1239 1988 iuvenis
1265 1958 1284 1996 ξ
1310 1958 1342 1989 4.
1366 1958 1420 1988 11.

939 2000 1070 2045 Italia]
1100 2000 1259 2035 welches
1280 2001 1375 2035 nach
1397 2001 1462 2036 der
1481 2001 1641 2035 Ansicht

893 2046 957 2080 des
971 2046 1138 2082 Redners
1154 2047 1528 2083 selbstverstandlich
1543 2048 1637 2082 auch

891 2092 1029 2128 'Parent
1050 2093 1196 2129 umfasst
1213 2096 1271 2138 (zu
1293 2099 1310 2137 ἓ
1333 2097 1377 2140 5).
1402 2106 1477 2130 was
1492 2095 1640 2130 freilich

895 2141 1120 2185 sophistisch
1130 2142 1479 2177 bestrittenwerden
1487 2142 1639 2184 konnte,

894 2188 1020 2223 indem
1053 2189 1118 2223 der
1154 2189 1272 2224 altere
1305 2189 1640 2235 Sprachgebrauch

895 2235 1022 2270 diesen
1034 2236 1176 2271 Namen
1192 2236 1242 2271 im
1254 2236 1463 2282 Gegensatz
1475 2249 1518 2272 zu
1529 2238 1639 2282 Japy-

894 2282 978 2326 gien
1017 2284 1083 2317 auf
1112 2283 1303 2319 Lukanien
1344 2285 1419 2319 und
1452 2284 1639 2319 Bruttium

892 2330 1154 2366 beschrankte.
1194 2331 1364 2375 Thukyd.
1388 2337 1425 2375 6,
1440 2337 1502 2374 44;
1531 2336 1561 2375 7,
1583 2337 1638 2367 33.

940 2382 971 2413 9.
1006 2379 1046 2412 di
1076 2379 1249 2423 homines]
1290 2381 1382 2414 statt
1425 2379 1490 2414 des
1531 2380 1638 2414 iiber-

892 2424 1065 2459 lieferten
1101 2427 1140 2460 cli
1179 2427 1422 2471 hominesque:
1466 2426 1540 2470 vgl.
1574 2433 1591 2464 ς’
1619 2431 1638 2461 5

892 2471 968 2505 und
996 2484 1025 2506 6.
1048 2476 1103 2515 40,
1133 2477 1186 2507 11.

940 2520 1049 2564 uncle]
1083 2519 1189 2554 nicht
1223 2521 1302 2563 ubi,
1334 2519 1418 2554 weil
1444 2531 1528 2554 man
1555 2523 1640 2563 sagn

893 2570 988 2600 stare
1007 2570 1052 2600 al)
1067 2567 1210 2610 aliqum
1224 2567 1284 2608 ⁶24,
1301 2571 1356 2609 45,
1372 2572 1391 2602 3
1413 2568 1477 2610 qui
1490 2568 1640 2601 aliunde

893 2616 957 2647 stet
977 2624 1122 2657 semper,
1149 2614 1299 2648 aliunde
1323 2615 1474 2656 sontica,-
1500 2613 1560 2656 42,
1582 2618 1637 2656 58,

897 2663 938 2693 14
965 2661 1011 2693 ab
1037 2664 1132 2704 teryo
1158 2665 1199 2695 st.

942 2708 974 2740 ei
999 2719 1028 2742 2³.
1049 2708 1160 2751 clodii!
1184 2708 1277 2741 statt
1296 2707 1398 2742 einer
1418 2710 1639 2742 erwarteten

894 2753 1137 2796 Fortsetzung
1166 2753 1250 2788 wic:
1279 2755 1506 2790 diiudicavit.

946 2805 996 2835 10.
1024 2802 1149 2845 ariete]
1178 2801 1259 2836 hier
1285 2801 1480 2836 kollektiv.

940 2849 1155 2892 susceptum}
1179 2848 1348 2883 derselbe
1369 2848 1547 2884 chanke
1566 2854 1584 2891 ᾖ
1605 2855 1636 2884 3.

944 2900 996 2929 11.
1027 2896 1147 2939 levem}
1179 2907 1248 2929 von
1269 2896 1484 2931 demselben
1505 2896 1637 2931 Hanno

893 2941 956 2984 23,
988 2947 1046 2985 13,
1075 2948 1112 2976 6:
1164 2944 1330 2978 simmtas
1368 2955 1447 2979 cum
1491 2944 1637 2988 famiss‘ia
