1882 3163
109 103 136 121 a.
157 95 208 121 Ch.
228 96 289 121 216.

611 84 756 119 LIBER
782 85 894 121 XXII.
940 84 1044 121 CAP.
1070 88 1126 121 50.
1154 89 1210 120 51.
1625 84 1677 124 77

112 194 266 236 hostis.
322 209 456 236 cuneo
484 193 655 249 quidem
687 193 769 234 hoc
802 193 945 234 laxum
979 196 1106 248 atque
1140 194 1329 235 solutum
1363 206 1536 248 agmen,
1571 195 1617 234 ut
1644 193 1682 234 si

112 253 222 294 nihil
254 253 415 306 obstet,
449 252 634 294 disicias.
689 252 835 306 itaque
867 252 926 293 ite
959 266 1144 305 mecum,
1177 253 1249 307 qui
1282 254 1324 293 et
1363 254 1530 294 vosmet
1561 252 1680 307 ipsos

111 314 156 354 et
187 327 278 353 rem
309 312 528 367 publicam
555 311 721 353 salvam
748 310 916 352 vultis“.
966 311 1072 353 haec
1099 312 1173 352 ubi
1200 311 1314 352 dicta
1339 311 1473 365 dedit,
1506 311 1684 366 stringit
1710 320 1754 352 10

112 371 306 426 gladium
338 385 554 425 cuneoque
586 370 701 411 facto
740 384 817 423 per
848 370 1012 411 medios
1052 370 1172 410 vadit
1208 369 1363 425 hostis3
1406 374 1465 424 et,
1503 385 1599 412 cum
1637 371 1683 411 in
1711 379 1752 410 11

112 430 225 471 latus
258 430 472 484 dextrum,
504 429 617 484 quod
649 429 845 483 patebat,
876 428 1090 470 Numidae
1116 429 1426 479 iacularentur,
1458 430 1681 471 translatis

111 490 159 530 in
197 489 393 530 dextrum
437 489 568 530 scutis
612 488 658 528 in
700 488 866 530 maiora
909 490 1051 529 castra
1090 487 1142 528 ad
1181 491 1405 529 sexcentos
1445 491 1683 543 evaserunt,

112 551 243 602 atque
286 548 383 589 inde
427 547 625 601 protinus
671 546 755 588 alio
800 560 959 601 magno
999 547 1172 600 agmine
1205 546 1407 587 adiuncto
1446 546 1682 589 Canusium

113 607 352 648 incolumes
390 605 658 660 perveniunt.

725 606 831 647 haec
870 605 983 659 apud
1021 606 1160 647 victos
1199 605 1339 660 magis
1385 606 1547 659 impetu
1594 607 1683 648 ani·
1711 615 1753 646 12

116 678 302 718 morum,
334 680 441 720 quos
474 665 695 720 ingenium
729 680 855 706 suum
886 665 1038 720 cuique
1072 668 1147 705 aut
1177 664 1267 705 fors
1294 664 1443 717 dabat,
1476 680 1605 719 quam
1633 680 1682 706 ex

112 725 292 766 consilio
326 725 519 778 ipsorum
551 726 625 765 aut
656 724 837 778 imperio
871 724 1122 778 cuiusquam
1155 724 1407 778 agebantur.

232 783 473 825 Hannibali
505 783 657 825 victori
689 798 785 824 cum
812 783 942 824 ceteri
969 782 1215 824 circumfusi
1242 783 1562 838 gratularentur
1588 797 1681 824 sua·
1705 786 1753 821 51

111 843 363 897 derentque,
402 845 450 883 ut
487 845 611 883 tanto
650 842 901 897 perfunctus
941 842 1055 883 bello
1095 842 1178 882 diei
1210 842 1322 895 quod
1360 841 1538 883 relicum
1571 844 1684 883 esset

112 903 339 956 noctisque
377 901 642 956 insequentis
684 902 870 956 quietem
910 904 952 942 et
995 901 1088 955 ipse
1134 901 1217 942 sibi
1257 903 1445 942 sumeret
1485 903 1526 942 et
1557 900 1683 942 fessis

111 961 234 1002 daret
266 961 492 1014 militibus,
524 960 752 1002 Maharbal
785 960 1027 1014 praefectus
1060 961 1272 1015 equitum,
1305 960 1483 1001 minime
1514 974 1683 1001 cessan-
1710 970 1730 1000 2

113 1020 215 1061 dum
246 1023 385 1074 ratus,
421 1020 579 1073 „immo
618 1022 684 1073 ut,
724 1019 826 1074 quid
864 1019 944 1060 hac
984 1033 1129 1073 pugna
1162 1019 1220 1060 sit
1252 1022 1412 1072 actum,
1452 1019 1580 1073 scias,
1618 1019 1686 1060 die

115 1079 296 1134 quinto“
326 1079 487 1133 inquit,
518 1079 680 1132 „victor
712 1079 757 1119 in
793 1077 1008 1132 Capitolio
1042 1078 1295 1132 epulaberis.

1358 1093 1553 1132 SCqUGI'e:
1589 1092 1685 1119 CUm

112 1139 276 1193 equite,
315 1140 362 1178 ut
400 1138 519 1192 prius
556 1137 724 1179 venisse
762 1151 891 1191 quam
933 1138 1162 1178 venturum
1202 1137 1357 1191 sciant,
1397 1137 1686 1190 praecedam“.

114 1197 354 1238 Hannibali
392 1197 523 1237 nimis
562 1197 676 1238 laeta
713 1210 780 1237 res
820 1200 886 1237 est
924 1196 1016 1237 visa
1053 1196 1293 1251 maiorque,
1337 1211 1466 1250 quam
1505 1198 1553 1237 ut
1591 1211 1685 1237 eam
1712 1207 1732 1237 3

115 1257 264 1297 statim
315 1260 476 1310 capere
511 1256 653 1297 animo
699 1258 857 1309 posset.

919 1255 1065 1309 itaque
1109 1256 1379 1297 voluntatem
1425 1269 1468 1296 se
1509 1255 1686 1297 laudare

115 1314 381 1356 Maharbalis
415 1315 492 1368 ait3
539 1314 593 1355 ad
625 1314 851 1356 consilium
892 1314 1158 1368 pensandum
1197 1314 1405 1368 temporis
1439 1328 1546 1367 opus
1580 1328 1685 1356 esse.

113 1377 207 1415 tum
240 1373 480 1415 Maharbal:
512 1388 625 1427 „non
657 1373 802 1415 omnia
833 1373 1035 1414 nimirum
1069 1373 1206 1414 eidem
1239 1374 1282 1414 di
1314 1373 1483 1414 dedere:
1516 1373 1685 1415 vincere
1711 1383 1734 1414 4

116 1434 216 1487 scis,
248 1432 487 1484 Hannibal,
520 1433 701 1474 victoria
732 1433 795 1473 uti
827 1432 1005 1474 nescis“.

1067 1447 1188 1474 mora
1220 1432 1310 1474 eius
1344 1432 1427 1473 diei
1461 1432 1566 1473 satis
1600 1447 1686 1474 cre-

115 1493 231 1534 ditur
263 1492 395 1534 saluti
428 1492 558 1533 fuisse
591 1492 688 1533 urbi
721 1494 848 1546 atque
880 1492 1073 1546 imperio.

118 1647 265 1679 mfissen
290 1643 346 1678 bis
368 1644 464 1689 jetzt
489 1644 595 1678 nicht
620 1643 793 1689 vorliegt.
821 1665 863 1668 -—

115 1695 157 1726 ut
194 1692 245 1734 si,
282 1691 464 1736 gewohnl.
492 1691 595 1725 velut
628 1691 670 1725 si.
711 1712 751 1715 —
793 1702 866 1726 rem

118 1750 156 1783 p.
182 1749 209 1773 3.
235 1750 266 1773 υ.
319 1739 402 1783 Vgl.
430 1751 474 1772 zu
500 1750 530 1773 c.
560 1742 615 1780 10,
642 1742 674 1772 2.

170 1789 318 1820 10-12.
346 1786 431 1820 haec
457 1786 521 1819 ubi
546 1786 580 1820 cl.
602 1786 635 1820 d.
662 1785 722 1819 bei
747 1785 867 1829 Virgil

117 1833 194 1867 und
214 1833 354 1867 andern
367 1832 546 1867 Dichtern
568 1832 734 1876 haufiger
748 1831 863 1866 Halb—

119 1890 212 1914 vere.
240 1880 342 1914 Doch
362 1880 522 1913 braucht
544 1879 686 1921 darum,
703 1879 867 1913 obschon

119 1927 215 1962 auch
250 1926 301 1960 im
327 1926 528 1971 folgenden
553 1926 618 1959 der
643 1925 867 1960 Hexameter

119 1973 347 2017 fortgefi'ihrt
367 1973 427 2016 ist,
444 1973 480 2007 L.
504 1972 563 2007 die
579 1972 741 2016 Episode
762 1972 867 2007 nicht

121 2021 247 2055 direkt
283 2021 366 2055 dem
393 2020 532 2054 Ennius
559 2024 796 2054 entnommen
824 2032 867 2054 zu

122 2067 256 2111 haben,
283 2068 330 2102 da
356 2068 452 2102 nach
473 2068 610 2101 Fronto
638 2066 747 2111 epist.
769 2079 803 2112 p.
822 2071 866 2101 62

120 2115 214 2150 Nab.
242 2115 356 2150 sehon
389 2114 536 2149 Coelius
568 2114 683 2148 vieles
716 2126 781 2148 aus
809 2115 863 2159 je—

121 2174 204 2197 nem
222 2162 374 2196 Dichter
393 2162 562 2196 entlehnt
583 2161 750 2196 113119-
764 2163 867 2196 vadit

119 2209 214 2244 malt
246 2209 304 2243 die
338 2209 468 2253 ruhige
495 2208 662 2253 Haltung
694 2208 770 2243 und
796 2209 866 2243 den

122 2267 362 2301 gemessenen
401 2256 509 2300 Gang
551 2256 644 2289 fiber
689 2256 754 2290 das
798 2256 868 2290 mit

121 2304 283 2339 Leichen
311 2303 489 2338 bedeckte
517 2303 781 2338 Schlachtfeld.
822 2325 866 2328 —-

122 2351 325 2393 Numidae,
371 2362 415 2385 zu
453 2361 482 2385 e.
510 2354 571 2392 48,
599 2354 630 2384 2.
672 2371 715 2375 --
753 2351 795 2385 in
832 2351 867 2385 d.

121 2399 250 2442 scutis,
294 2397 393 2432 wohl
436 2398 531 2432 nach
571 2397 718 2432 Coelius
758 2397 867 2443 frgm.

123 2449 167 2480 22
188 2446 228 2480 P.
250 2445 434 2480 dextimos
460 2445 498 2478 in
520 2444 657 2478 dextris
684 2446 789 2479 scuta.
814 2444 869 2478 iu-

123 2494 187 2528 bet
213 2493 359 2527 habere.
389 2513 429 2516 -
459 2492 508 2526 ad
533 2492 870 2535 sexcentos„nieht

124 2540 172 2575 ad
208 2539 388 2581 sexcenti,
431 2539 480 2572 da
517 2551 585 2572 nur
622 2539 673 2572 im
713 2539 868 2572 zweiten

124 2586 266 2630 Gliede,
292 2587 388 2620 nach
411 2585 755 2630 vorausgehendem
772 2586 867 2619 Tau-

124 2634 256 2668 sender
293 2635 350 2677 (zu
378 2645 406 2668 c.
434 2638 497 2676 41,
526 2635 560 2677 2)
599 2633 714 2667 durch
753 2623 868 2667 Uber-

125 2692 225 2726 gang
259 2681 324 2715 der
362 2680 598 2725 Praposition
632 2681 687 2714 ins
721 2679 869 2714 Adverb

123 2728 192 2763 -der
214 2727 431 2763 Nominativ
459 2727 618 2771 zulassig
642 2727 708 2768 ist;
736 2730 793 2769 28,
814 2730 870 2769 36,

129 2779 171 2809 13
197 2775 245 2809 ad
271 2776 504 2820 octingentos
532 2775 640 2816 caesi,
674 2778 727 2816 10,
754 2778 810 2816 33,
838 2778 870 2807 6.

128 2821 234 2856 Nach
260 2821 545 2857 Pseudofrontin
573 2826 605 2864 4,
627 2825 658 2863 5,
682 2825 700 2854 7
728 2821 871 2865 folgten

128 2879 196 2901 nur
225 2873 264 2903 12
292 2869 418 2903 Reiter
456 2869 530 2903 und
563 2873 607 2903 50
641 2867 872 2912 Fussgi'mger

940 1643 1023 1678 dem
1050 1643 1145 1677 Rate
1172 1643 1237 1678 der
1262 1643 1570 1688 Kriegstribunen
1587 1642 1687 1677 Sem-

938 1690 1092 1735 pronius
1123 1691 1199 1725 und
1232 1691 1295 1726 Cn.
1324 1690 1501 1725 Octavius
1530 1692 1603 1734 (28,
1630 1694 1686 1733 38,

942 1740 1011 1781 11).
1035 1759 1077 1763 -—
1097 1738 1244 1782 impetu,
1269 1738 1329 1772 ein
1348 1737 1688 1782 instinktmassiget

941 1784 1108 1828 Antrieb,
1136 1785 1195 1819 ein
1216 1785 1438 1829 plotzlicher
1457 1784 1608 1828 Einfall,
1631 1788 1686 1827 26,

941 1837 973 1875 7,
995 1837 1027 1874 3,
1048 1831 1099 1865 im
1115 1832 1343 1876 Gegensatze
1370 1844 1414 1866 zu
1436 1832 1603 1874 consilio,
1630 1835 1686 1873 42,

941 1883 997 1921 29,
1027 1883 1083 1922 11,
1112 1879 1196 1913 dem
1222 1880 1317 1914 nach
1344 1879 1536 1923 langerem
1562 1878 1687 1913 Nach-

941 1926 1089 1960 denken
1115 1925 1298 1969 gefassten
1327 1926 1578 1960 Entschlusse.

988 1973 1049 2016 51,
1080 1977 1109 2006 1.
1137 1977 1169 2006 2.
1210 1974 1316 2015 bello,
1352 1975 1427 2007 erst
1452 1974 1489 2007 in
1516 1973 1581 2007 der
1607 1976 1688 2017 sp’a-

939 2021 1045 2055 teren
1065 2019 1249 2054 Latinitat
1270 2038 1313 2049 =
1334 2020 1530 2065 proelium,
1558 2020 1689 2055 deutet

941 2079 1005 2110 an,
1040 2067 1118 2101 dass
1151 2079 1237 2102 man
1271 2068 1342 2101 den
1374 2067 1536 2111 Feldzug
1572 2067 1688 2102 durch

941 2115 1011 2149 den
1028 2114 1115 2159 Sieg
1135 2116 1189 2149 als
1210 2115 1246 2148 in
1266 2115 1330 2149 der
1345 2115 1586 2158 Hauptsache
1607 2118 1689 2149 ent-

941 2161 1117 2196 schieden
1137 2163 1270 2204 ansah;
1294 2174 1322 2196 c.
1340 2166 1395 2205 55,
1411 2166 1443 2196 2.
1466 2183 1509 2186 -
1534 2162 1690 2196 Mahar-

942 2209 1014 2251 bal,
1041 2208 1109 2243 wie
1136 2209 1231 2244 auch
1257 2210 1388 2244 Florus
1412 2215 1442 2251 1,
1463 2212 1519 2251 22,
1545 2213 1586 2243 19
1614 2209 1689 2243 und

942 2256 1115 2291 Ammian
1132 2261 1188 2300 18,
1205 2260 1237 2300 5,
1257 2261 1277 2291 6
1297 2258 1392 2292 nach
1415 2258 1454 2291 L.
1476 2256 1687 2298 berichten3

942 2304 1035 2338 nach
1076 2303 1215 2338 andern
1242 2304 1388 2339 Bareas.
1429 2303 1513 2348 Vgl.
1541 2303 1689 2338 Coelius

942 2351 1001 2385 bei
1028 2351 1170 2386 Gellius
1200 2356 1254 2394 10,
1283 2355 1338 2395 24,
1366 2356 1404 2386 6:
1444 2351 1474 2385 si
1508 2350 1564 2384 vis
1598 2350 1690 2384 mihi

943 2398 1153 2442 equitatum
1181 2399 1268 2433 dare
1296 2401 1333 2433 et
1358 2399 1438 2443 ipse
1460 2409 1543 2432 cum
1565 2399 1688 2432 cetero

942 2445 1106 2479 exercitu
1123 2457 1180 2479 me
1195 2446 1310 2489 sequi,
1326 2445 1384 2479 die
1402 2446 1533 2489 quinto
1549 2444 1689 2479 Romae

942 2493 979 2525 in
1007 2491 1234 2537 Capitolium
1261 2492 1398 2527 curabo
1424 2492 1494 2526 tibi
1523 2502 1615 2525 cena
1642 2491 1690 2525 sit

944 2540 1060 2574 cocta.
1107 2543 1145 2574 et
1169 2539 1363 2574 historiam
1393 2540 1518 2573 autem
1547 2539 1584 2572 et
1610 2549 1689 2573 ver-

943 2586 1030 2619 bum
1058 2586 1127 2620 hoc
1153 2587 1394 2630 (Ausspruch)
1416 2585 1576 2629 sumpsit
1597 2585 1687 2620 Coe-

944 2633 1014 2665 lius
1042 2644 1083 2667 ex
1112 2632 1253 2677 origine
1281 2633 1329 2666 M.
1359 2632 1517 2667 Catonis.
1546 2653 1589 2658 —-
1616 2643 1686 2668 ces-

943 2680 1111 2722 samium,
1138 2681 1211 2724 vgl.
1241 2682 1425 2715 cessatum
1452 2691 1481 2714 c.
1510 2683 1565 2722 50,
1593 2684 1624 2715 2.

993 2731 1024 2760 3.
1053 2732 1083 2761 4.
1130 2729 1313 2771 temporis,
1348 2727 1482 2761 eberiso
1509 2727 1603 2761 noch
1631 2731 1687 2770 23,

944 2777 1001 2816 21,
1023 2778 1056 2815 5,
1084 2774 1307 2809 Gr'acismus.
1331 2795 1371 2799 —
1394 2774 1564 2816 creditur,
1592 2774 1688 2809 noch

945 2833 1008 2854 zur
1035 2822 1116 2856 Zeit
1142 2821 1204 2855 des
1227 2822 1263 2855 L.
1287 2821 1355 2856 wie
1376 2822 1453 2855 sich
1473 2822 1569 2855 auch
1591 2821 1686 2856 Plut.

945 2868 1033 2905 Fab.
1053 2873 1093 2903 17
1109 2869 1167 2903 die
1184 2870 1378 2913 Zogerung
1395 2869 1599 2903 Hannibals
1620 2881 1688 2903 nur
