1882 3163
167 87 224 129 20
676 87 821 122 LIBER
845 86 976 122 XXIII.
1028 86 1128 125 CAP.
1157 92 1210 122 10.

1569 106 1596 124 a.
1617 107 1646 124 u.
1666 100 1729 126 538.

127 205 147 236 5
169 197 296 238 batur
327 196 392 236 ius
420 195 645 236 libertatis.
696 209 891 250 egressus
913 196 1031 237 curia
1049 196 1095 236 in
1113 196 1275 249 templo
1296 196 1600 250 magistratum
1627 212 1725 239 con-

170 255 292 308 sedit,
324 254 695 309 conprehendique
721 254 902 296 Decium
928 254 1120 309 Magium
1152 257 1280 309 atque
1314 258 1413 296 ante
1446 255 1572 309 pedes
1606 256 1728 298 desti-

128 325 147 355 6
168 316 310 355 tutum
343 328 515 355 causam
549 313 686 354 dicere
725 314 861 355 iussit.
912 314 984 368 qui
1022 328 1117 355 cum
1156 315 1358 354 manente
1398 314 1556 356 ferocia
1595 316 1729 357 animi

168 375 346 427 negaret
366 373 461 427 lege
482 372 665 414 foederis
687 372 730 413 id
750 373 846 427 cogi
868 387 1005 427 posse,
1025 375 1115 413 tum
1136 372 1318 414 iniectae
1346 375 1521 414 catenae
1548 373 1731 428 ducique

127 442 145 472 7
168 434 265 472 ante
310 431 504 472 lictorem
548 431 593 471 in
637 434 778 473 castra
822 434 886 473 est
928 432 1081 473 iussus.
1132 431 1270 485 quoad
1311 432 1448 485 capite
1481 435 1630 487 aperto
1663 435 1730 474 est

167 491 330 543 ductus,
364 490 735 532 contionabundus
767 491 945 532 incessit
978 491 1030 532 ad
1062 490 1364 531 circumfusam
1402 491 1588 545 undique
1621 492 1729 533 mul-

166 549 397 590 titudinem
440 549 702 591 vociferans:

764 550 958 604 „habetis
1003 550 1271 603 libertatem,
1324 547 1551 604 Campani,
1602 565 1731 605 quam

168 608 353 662 petistis:
398 608 492 650 foro
532 608 689 662 medio,
727 609 820 650 luce
858 610 989 662 clara,
1028 608 1273 649 videntibus
1304 608 1427 650 vobis
1468 609 1575 650 nulli
1609 607 1731 650 Cam-

128 678 148 708 8
169 682 379 721 panorum
419 667 628 709 secundus
661 669 827 710 vinctus
861 668 913 709 ad
946 670 1128 709 mortem
1160 668 1318 721 rapior.
1370 667 1469 721 quid
1501 668 1728 709 violentius

170 729 296 780 capta
337 725 486 780 Capua
529 726 681 768 fieret?
732 727 790 768 ite
830 727 1001 768 obviam
1039 725 1296 778 Hannibali,
1340 729 1542 768 exornate
1580 728 1731 768 urbem

169 785 364 839 diemque
400 785 607 827 adventus
640 786 729 827 eius
763 788 1021 838 consecrate,
1054 787 1103 825 ut
1134 785 1246 825 hunc
1271 785 1538 838 triumphum
1565 785 1615 826 de
1642 786 1732 827 cive

130 855 149 885 9
171 848 313 886 vestro
343 844 579 899 spectet›is“.
610 845 716 886 haec
743 843 1006 897 vociferanti,
1034 858 1129 884 cum
1151 843 1311 884 moveri
1333 844 1484 898 volgus
1505 844 1732 898 videretur,

172 903 425 944 obvolutum
458 906 585 957 caput
618 907 705 958 est,
744 904 945 958 ociusque
987 902 1082 957 rapi
1114 904 1234 943 extra
1265 904 1436 956 portam
1469 903 1623 944 iussus.
1673 903 1735 944 ita

171 962 215 1002 in
249 965 392 1003 castra
423 962 681 1016 perducitur,
716 962 1015 1016 extemploque
1048 961 1263 1015 inpositus
1296 961 1340 1002 in
1373 976 1525 1003 navem
1558 964 1600 1003 et
1633 960 1733 1003 Car-

114 1032 156 1064 10
171 1021 394 1076 thaginem
427 1021 602 1073 missus,
647 1036 702 1062 ne
741 1024 860 1062 motu
899 1021 1041 1074 aliquo
1084 1018 1257 1073 Capuae
1300 1035 1350 1061 ex
1382 1020 1642 1075 indignitate
1674 1021 1735 1062 rei

173 1082 269 1121 orto
304 1082 498 1121 senatum
531 1094 699 1134 quoque
732 1080 970 1134 paeniteret
1003 1078 1133 1120 dediti
1166 1079 1391 1133 principis,
1437 1082 1479 1120 et
1519 1080 1735 1134 legatione

171 1139 303 1179 missa
337 1139 389 1180 ad
421 1140 698 1191 repetendum
738 1154 835 1180 eum
875 1141 949 1179 aut
985 1138 1184 1192 negando
1223 1152 1333 1191 rem,
1379 1153 1507 1192 quam
1551 1139 1736 1192 primam

170 1200 387 1252 peterent,
434 1198 676 1239 offendendi
709 1198 791 1239 sibi
824 1198 925 1239 novi
965 1197 1088 1250 socii,
1133 1199 1206 1237 aut
1245 1197 1473 1238 tribuendo
1511 1197 1735 1239 habendus

115 1255 345 1310 11Capuae
379 1259 491 1297 esset
530 1257 752 1298 seditionis
794 1271 842 1298 ac
879 1256 1104 1298 turbarum
1144 1257 1306 1297 auctor.
1355 1270 1509 1297 navem
1541 1255 1734 1310 Cyrenas

172 1315 327 1356 detulit
357 1318 605 1371 tempestas,
637 1331 744 1371 quae
776 1318 869 1357 tum
900 1315 944 1356 in
978 1315 1143 1355 dicione
1175 1328 1325 1369 regum
1358 1317 1490 1356 erant.
1539 1315 1601 1356 ibi
1640 1329 1736 1356 cum

170 1373 340 1429 Magius
374 1374 425 1415 ad
459 1377 647 1416 statuam
680 1374 919 1416 Ptolomaei
961 1374 1075 1427 regis
1118 1373 1398 1428 confugisset,
1431 1374 1678 1428 deportatus
1711 1389 1736 1415 a

117 1444 158 1475 12
174 1433 422 1475 custodibus
456 1434 770 1475 Alexandream
804 1434 856 1474 ad
895 1433 1209 1486 Ptolomaeum,
1253 1447 1349 1474 cum
1389 1447 1484 1474 eum
1524 1433 1738 1474 docuisset

175 1495 327 1533 contra
352 1494 417 1533 ius
444 1492 627 1534 foederis
655 1493 844 1534 vinctum
871 1507 915 1533 se
943 1492 995 1532 ab
1016 1491 1261 1532 Hannibale
1284 1506 1387 1544 esse,
1412 1492 1563 1533 vinclis
1583 1492 1736 1533 libera-

173 1553 256 1604 tur,
288 1551 640 1606 permissumque,
672 1554 720 1592 ut
744 1551 914 1604 rediret,
947 1565 1020 1592 seu
1046 1549 1228 1591 Romam
1256 1565 1329 1592 seu
1358 1549 1549 1605 Capuam
1576 1551 1735 1592 mallet.

221 1682 251 1713 5.
274 1679 314 1713 in
334 1679 461 1722 templo
482 1678 590 1723 may]
617 1677 705 1721 „auf
723 1678 787 1712 der
807 1677 916 1712 Rich-

172 1726 390 1760 terbtihne“.
421 1726 589 1769 templum
610 1724 704 1759 hiefs
722 1725 827 1770 jeder
844 1736 918 1759 von

173 1774 244 1807 den
265 1773 419 1817 Augurn
440 1773 623 1816 geweihte
639 1772 716 1807 Ort.
743 1771 832 1806 Dass
852 1772 916 1806 das

173 1819 352 1854 Tribunal
387 1819 620 1863 inauguriert
652 1830 819 1863 gewesen
853 1818 915 1862 sei,

172 1867 222 1901 ist
255 1868 358 1901 sonst
393 1866 498 1900 nicht
528 1866 705 1901 bekannt.
734 1887 777 1892 ——
804 1867 917 1910 magli-

172 1914 343 1959 stratum]
371 1914 456 1958 Vgl.
483 1917 516 1957 4,
538 1917 593 1957 20,
616 1918 636 1948 8
662 1914 918 1959 mayz'stratum

174 1962 272 2003 libri,
290 1960 361 1996 den
381 1961 584 1995 mehrmals
598 1960 917 1995 vorkommenden

174 2008 264 2042 Gen.
290 2011 462 2051 passum,
501 2011 558 2050 27,
587 2011 617 2050 7,
646 2011 688 2042 17
724 2008 919 2042 exercitum

174 2056 349 2098 imperia,·
363 2055 454 2098 Kap.
470 2058 523 2097 12,
536 2058 589 2089 14.
603 2074 645 2079 ——
662 2054 784 2099 iussit]
799 2054 918 2088 Hann.

175 2102 261 2135 sitzt
281 2102 397 2135 selbst
416 2101 507 2135 iiber
528 2101 598 2135 den
619 2101 666 2136 M.
689 2114 733 2134 zu
753 2101 916 2144 Gericht,

174 2147 355 2182 iiberlasst
381 2148 460 2182 dies
492 2148 597 2182 nicht
623 2148 694 2182 den
719 2148 917 2191 Magistra-

173 2196 237 2229 ten
263 2206 336 2229 von
363 2194 499 2238 Capua.

223 2245 254 2275 6.
282 2242 353 2286 {eye
372 2241 483 2286 foed]
512 2241 631 2283 „nach
652 2241 735 2285 dem
758 2241 920 2275 Bundes-

174 2290 359 2331 vertrag“.
393 2308 438 2313 ——
471 2289 510 2322 ul
543 2287 637 2332 ‹zo-qi]
672 2287 770 2321 Uber
802 2298 922 2331 cogyere

177 2335 432 2379 ‚,e1·zwingen“
459 2335 532 2379 vgl.
560 2338 599 2377 4,
626 2338 690 2377 26,
719 2338 739 2368 3
766 2335 837 2378 leye
865 2345 920 2368 sa-

177 2385 299 2424 crata,
332 2393 422 2426 quae
453 2383 615 2416 mamma
647 2382 747 2425 apud
779 2392 834 2415 eos
867 2382 920 2415 vis

177 2430 353 2473 coyeudae
384 2429 536 2463 militiae
572 2431 667 2470 erat,
699 2429 831 2463 dilectu
855 2429 920 2462 ha-

178 2477 269 2519 bito,
302 2475 382 2510 Ter.
417 2476 564 2509 {¹c'horm.
591 2479 660 2510 238
697 2476 849 2510 etiamne
880 2476 920 2509 id

179 2524 234 2558 Iex
255 2522 393 2567 coemi?
421 2522 493 2556 Cic.
515 2522 625 2566 Legg.
646 2525 678 2564 2,
699 2526 792 2565 6,14
812 2522 921 2557 Plato

177 2570 241 2604 hoc
266 2581 403 2614 quoque
429 2570 515 2614 lagjis
542 2570 689 2613 putavit
721 2580 808 2611 esse,
835 2579 919 2612 per-

177 2618 327 2651 suadere
359 2617 519 2660 aliquid,
552 2627 626 2651 uon
657 2617 780 2651 omnia
811 2617 848 2650 vi
879 2626 922 2650 ac

176 2674 286 2698 mmzs
311 2674 440 2708 coyere.

226 2714 256 2744 7.
290 2710 485 2754 secundus]
523 2709 592 2744 mit
617 2709 701 2744 Dat.
728 2710 921 2752 „nachste-

178 2756 311 2799 hend“‚
342 2756 402 2791 bei
434 2756 613 2791 Dichtern
644 2757 719 2791 und
751 2758 923 2801 spateren

178 2802 414 2838 Prosaikern:
437 2804 546 2847 Verg.
563 2804 651 2838 Aen.
670 2807 723 2847 11,
739 2807 806 2837 441
830 2803 921 2838 Tur-

179 2859 249 2883 uus
283 2860 362 2894 eqo,
394 2851 494 2885 haud
518 2851 588 2885 ulli
613 2855 766 2886 veterum
791 2852 922 2885 virtute

990 1677 1184 1718 secundus,
1217 1676 1311 1711 Vell.
1341 1681 1378 1720 2,
1408 1682 1469 1719 76,
1499 1681 1515 1711 1
1549 1678 1607 1712 vir
1638 1678 1736 1712 nulli

989 1725 1178 1767 secundus,
1200 1723 1298 1758 Curt.
1322 1728 1354 1765 5,
1377 1727 1432 1767 28,
1455 1728 1474 1758 3
1501 1725 1598 1768 regio
1623 1725 1736 1760 armis

990 1772 1147 1815 virisque
1172 1774 1204 1806 et
1228 1772 1348 1815 spatio
1375 1772 1532 1806 Iocorum
1556 1772 1653 1807 ‘nulli
1679 1782 1735 1807 ea-

990 1830 1071 1852 rum
1096 1819 1256 1862 §entium
1282 1819 1457 1861 secunda,
1486 1818 1547 1853 Sil.
1565 1818 1607 1852 It.
1627 1822 1681 1863 11,
1691 1822 1734 1854 66

990 1866 1153 1909 nullique
1168 1866 1293 1908 furore
1308 1866 1497 1908 secundus,
1510 1866 1602 1901 Stat.
1617 1866 1733 1900 Theb.

991 1916 1030 1955 2,
1058 1916 1127 1947 574
1157 1923 1221 1947 nec
1252 1916 1384 1948 vertere
1418 1913 1588 1957 cuiquam
1626 1913 1736 1955 frena

991 1960 1172 1994 secundus
1198 1958 1330 2004 Halys.

1040 2010 1071 2042 8.
1099 2006 1269 2052 consecr]
1298 2007 1481 2051 „begehet
1506 2006 1560 2040 als
1586 2005 1736 2050 religio·

992 2065 1056 2088 sen
1083 2053 1262 2097 Festtag“
1290 2054 1378 2098 (vgl.
1405 2053 1498 2098 Kap.
1529 2058 1558 2097 7,
1588 2054 1658 2096 11).

1042 2103 1095 2134 10.
1116 2100 1209 2144 orto]
1231 2100 1267 2133 in
1288 2100 1397 2134 einen
1416 2099 1736 2144 Bedingungssatz

993 2146 1222 2188 aufzulosen,
1249 2146 1384 2181 ebenso
1410 2147 1532 2188 missa,
1558 2147 1736 2190 negando,

991 2193 1193 2228 tribuendo.
1215 2212 1258 2218 —
1279 2194 1393 2227 dediti
1412 2193 1553 2237 priua]
1577 2210 1621 2222 =
1641 2193 1736 2237 quod
1800 2215 1803 2219 ι

991 2240 1194 2284 principem
1208 2240 1403 2274 dedidisset
1416 2240 1504 2284 (vgl.
1518 2239 1610 2284 Kap.
1622 2243 1675 2283 12,
1689 2242 1735 2284 6).

995 2307 1038 2312 -—
1065 2286 1285 2332 offendendi]
1324 2286 1401 2321 scil.
1428 2290 1550 2321 esseut.
1579 2307 1621 2311 -
1649 2287 1734 2332 sibi]

994 2334 1193 2377 zugesetzt,
1215 2333 1268 2366 als
1291 2334 1336 2368 ob
1352 2334 1537 2368 Hannibal
1556 2333 1609 2367 im
1628 2333 1736 2368 fiber—

993 2380 1220 2424 geordneten
1243 2380 1328 2415 Satz
1350 2380 1508 2426 Subjekt
1532 2384 1641 2415 ware.
1681 2379 1735 2414 Im

993 2427 1205 2462 Deutschen
1230 2426 1316 2462 f'allt
1340 2429 1411 2462 sibi
1430 2438 1512 2472 weg
1537 2427 1624 2462 oder
1643 2428 1736 2462 statt

992 2486 1036 2509 ‘ne
1079 2476 1173 2508 setzt
1217 2484 1320 2509 man:
1367 2474 1414 2508 da
1456 2474 1501 2508 H.
1539 2473 1735 2517 ffirchtete,

993 2521 1074 2555 dass
1101 2542 1155 2554 —.

1044 2572 1099 2603 11.
1147 2568 1324 2614 Cyrenas]
1369 2568 1493 2602 friiher
1536 2566 1734 2611 Republik,

995 2615 1093 2650 dann
1119 2627 1191 2650 von
1216 2615 1451 2663 Ptolemaeus
1470 2613 1496 2649 1.
1519 2613 1624 2648 Soter
1650 2615 1733 2657 (323

994 2662 1051 2696 bis
1072 2664 1155 2706 284)
1176 2662 1245 2696 mit
1259 2663 1433 2706 Agypten
1452 2660 1644 2705 vereinigt,
1666 2664 1732 2694 221

995 2709 1052 2743 bis
1078 2713 1147 2744 204
1174 2710 1284 2744 unter
1308 2709 1541 2743 Ptolemaeus
1562 2707 1622 2742 IV.
1649 2706 1735 2741 Phi-

996 2756 1155 2800 lopator,
1171 2756 1242 2790 seit
1256 2759 1299 2790 96
1314 2768 1347 2791 v,
1364 2754 1445 2789 Chr.
1461 2755 1498 2788 in
1512 2753 1743 2788 romischem'

994 2802 1128 2838 Besitz.

1046 2853 1098 2884 12.
1117 2848 1413 2893 permissumque]
1434 2859 1508 2892 erg.
1525 2848 1558 2882 ei
1574 2851 1633 2883 est.
1661 2847 1735 2882 Das
