1882 3163
124 862 181 904 48

196 103 253 144 80
679 101 824 136 LIBER
849 101 996 137 XXIIII.
1023 100 1123 137 cAP.
1150 105 1205 137 47.
1233 105 1289 137 48.

1531 119 1556 137 a.
1583 119 1611 137 u.
1636 119 1661 139 c.
1689 113 1754 140 541.

126 223 169 253 13
198 210 273 253 Cn.
293 210 465 252 Fulvius
498 210 648 252 castris
680 211 892 264 praeerat3
926 210 992 251 cui
1023 210 1097 252 ubi
1128 211 1374 252 nuntiatum
1406 214 1489 265 est,
1522 211 1667 253 decem
1699 226 1751 253 ex

197 285 246 311 eo
278 283 455 311 numero
487 269 613 310 iussis
645 269 880 310 inermibus
914 268 1061 310 deduci
1094 269 1145 310 ad
1178 283 1239 323 se,
1282 270 1375 323 ubi,
1420 284 1527 324 quae
1559 270 1752 324 postula-

195 331 308 382 rent,
355 328 516 370 audivit
552 353 600 357 —
635 328 743 369 nihil
776 330 918 369 autem
951 329 1065 369 aliud
1098 329 1320 383 petebant,
1366 344 1493 383 quam
1525 332 1572 370 ut
1606 327 1753 384 Capua

194 391 367 443 recepta
410 389 522 429 bona
566 388 649 429 sibi
692 387 1018 428 restituerentur
1043 412 1111 441 ——,
1148 388 1194 428 in
1232 387 1358 429 fidem
1396 402 1544 430 omnes
1577 389 1753 443 accepti.

126 458 170 489 14
197 451 240 489 et
284 448 337 489 ab
377 447 511 488 altero
550 449 745 501 praetore
784 445 1031 501 Sempronio
1065 446 1277 488 Tuditano
1317 447 1519 502 oppidum
1551 447 1754 489 Atrinum

196 509 502 561 expugnatum.
536 506 718 560 amplius
752 520 824 547 sex
858 506 976 547 milia
1007 506 1228 547 hominum
1261 508 1387 560 capta
1413 508 1454 547 et
1475 506 1583 548 aeris
1605 520 1754 561 argen-

126 577 169 608 15
198 566 315 620 tique
344 565 502 620 signati
529 565 810 620 aliquantum.
837 590 892 595 —-
919 564 1080 606 Romae
1102 565 1270 606 foedum
1291 565 1534 606 incendium
1554 580 1629 620 per
1649 565 1752 607 duas

196 627 342 667 noctes
377 639 424 666 ac
457 624 567 666 diem
600 639 732 665 unum
763 624 921 666 tenuit:
955 624 1047 665 solo
1074 627 1255 678 aequata
1282 625 1425 665 omnia
1452 625 1564 666 inter
1584 623 1752 666 Salinas

197 699 244 726 ac
289 687 459 738 portam
505 682 820 725 Carmentalem
872 698 968 724 cum
1014 684 1305 737 Aequimaelio
1349 682 1605 739 Iugarioque
1650 684 1753 738 vico,

126 754 169 785 16
197 758 292 785 cum
335 743 507 797 templis
547 742 762 784 Fortunae
807 757 855 784 ac
899 742 1048 783 matris
1081 741 1285 784 Matutae.

1347 745 1389 783 et
1427 745 1546 784 extra
1582 746 1750 797 portam

194 804 282 844 late
314 805 495 857 vagatus
528 802 638 857 ignis
673 816 792 843 sacra
824 801 1089 855 profanaque
1121 802 1255 842 multa
1287 802 1536 856 absumpsit.

316 861 479 903 Eodem
512 876 624 902 anno
658 860 701 902 P.
734 864 776 902 et
803 859 877 902 Cn.
904 859 1108 913 Cornelii,
1140 875 1235 901 cum
1260 860 1305 901 in
1330 860 1540 915 Hispania
1565 875 1632 902 res
1658 875 1754 916 pro-

198 935 345 975 sperae
386 923 528 961 essent
566 920 805 973 multosque
843 922 885 960 et
916 921 1078 960 veteres
1109 919 1345 973 reciperent
1376 921 1512 962 socios
1547 922 1589 961 et
1619 934 1755 961 novos

151 991 171 1022 2
199 980 438 1033 adicerent,
469 980 513 1020 in
545 979 738 1020 Africam
770 993 937 1032 quoque
970 992 1087 1032 spem
1122 975 1410 1019 extenderunt.
1461 978 1632 1033 Syphax
1664 982 1756 1020 erat

151 1051 171 1081 3
198 1054 271 1081 rex
316 1038 618 1091 Numidarum,
662 1038 804 1079 subito
845 1036 1273 1092 Carthaginiensibus
1317 1037 1457 1079 hostis
1502 1037 1659 1078 factus:
1703 1037 1757 1079 ad

199 1113 294 1139 eum
326 1098 595 1139 centuriones
628 1100 715 1138 tres
748 1097 914 1152 legatos
947 1096 1177 1150 miserunt,
1210 1097 1281 1151 qui
1314 1111 1409 1138 cum
1442 1111 1490 1138 eo
1524 1096 1756 1137 amicitiam

199 1157 530 1211 societatemque
563 1156 752 1198 facerent
784 1159 826 1197 et
851 1155 1168 1210 pollicerentur,
1201 1156 1236 1196 si
1260 1158 1551 1210 perseveraret
1576 1169 1756 1210 urguere

197 1216 311 1258 bello
346 1214 743 1270 Carthaginienses,
788 1218 957 1269 gratam
995 1229 1089 1256 eam
1127 1229 1216 1256 rem
1255 1215 1346 1257 fore
1379 1215 1547 1256 senatui
1578 1214 1757 1268 populo-

199 1290 279 1330 que
311 1275 527 1328 Romano,
561 1277 602 1315 et
634 1275 874 1327 adnisuros,
906 1276 955 1315 ut
985 1274 1031 1314 in
1062 1277 1253 1328 tempore
1286 1276 1327 1315 et
1358 1274 1465 1315 bene
1499 1273 1757 1315 cumulatam

200 1335 386 1389 gratiam
430 1334 627 1376 referant.

689 1336 813 1389 grata
857 1348 907 1374 ea
937 1333 1096 1388 legatio
1130 1334 1312 1375 barbaro
1345 1333 1445 1387 fuit3
1490 1333 1756 1374 conlocutus-

200 1408 280 1448 que
312 1408 409 1435 eum
441 1393 593 1447 legatis
627 1393 676 1434 de
708 1393 874 1434 ratione
906 1393 1007 1434 belli
1038 1393 1235 1447 gerundi,
1272 1395 1319 1433 ut
1350 1395 1540 1433 veterum
1571 1392 1757 1433 militum

198 1453 330 1494 verba
373 1452 553 1507 audivit,
597 1467 725 1507 quam
763 1452 993 1493 multarum
1032 1466 1172 1492 rerum
1204 1453 1294 1505 ipse
1326 1452 1501 1506 ignarus
1535 1453 1663 1505 esset,
1707 1464 1758 1491 ex

249 1562 301 1592 13.
330 1558 539 1591 nuntiatam
566 1557 631 1601 est]
662 1556 854 1601 ‘Meldung
881 1552 942 1600 ge-

199 1605 327 1639 macht
351 1604 455 1638 war’.

249 1656 302 1686 14.
329 1652 519 1697 Atrinum]
553 1651 791 1686 unbekannte
824 1650 941 1685 Stadt.

251 1703 303 1734 15.
331 1699 463 1744 tenuit]
491 1699 545 1733 oft
569 1699 654 1733 intr.
681 1698 741 1732 bei
766 1698 804 1732 L.
835 1697 944 1732 ‘hielt

199 1748 275 1790 an’,
303 1759 331 1781 z.
352 1747 390 1780 Β.
413 1746 472 1789 23,
499 1750 556 1788 44,
583 1750 602 1780 6
629 1746 740 1780 imber
760 1746 944 1780 continens

195 1806 263 1839 per
293 1797 427 1828 noctem
459 1797 569 1827 totam
600 1804 711 1837 nsque
743 1794 791 1827 ad
819 1793 944 1827 horam

200 1842 344 1876 tertiam
369 1842 442 1875 diei
466 1842 685 1885 insequentis
710 1840 835 1875 tenuit.
885 1839 946 1883 25,

201 1892 257 1932 39,
287 1893 329 1922 10
351 1889 529 1932 proelium
555 1889 621 1922 diu
647 1889 771 1922 tenuit.

248 1937 322 1970 Das
352 1936 469 1970 Feuer
500 1936 642 1969 wsithet
674 1946 745 1969 von
777 1935 849 1968 den
881 1935 946 1969 Sa·

201 1982 301 2017 linen
327 1983 400 2025 <bei
427 1983 492 2017 der
511 1986 621 2026 porta
652 1983 683 2015 T
684 1983 861 2027 riyemina
887 1993 946 2016 am

201 2030 420 2069 Aventinus)
435 2031 490 2064 bis
506 2042 568 2063 zur
585 2041 620 2073 p.
635 2030 874 2064 Carmentalis
888 2041 947 2063 am

202 2077 450 2121 Capitolinus,
494 2077 532 2111 in
571 2077 683 2111 deren
720 2077 824 2111 Nahe
869 2077 947 2111 sich

203 2124 268 2159 das
311 2124 583 2167 Aequimelium
627 2124 703 2157 und
754 2124 818 2158 der
856 2124 940 2168 Iuga.

200 2172 302 2205 vicus
345 2171 525 2205 befinden.
594 2171 669 2205 Vor
712 2171 821 2205 allem
866 2171 942 2205 also

201 2218 327 2252 wurde
349 2218 411 2251 das
431 2218 550 2260 forum
571 2218 735 2251 boarium
753 2217 943 2260 betroffen,

202 2266 277 2299 und
311 2276 358 2298 an
384 2264 521 2299 diesem
547 2265 670 2308 liegen
696 2264 754 2299 die
780 2265 943 2298 erw'ahn-

202 2314 265 2347 ten
290 2312 424 2346 beiden
450 2312 478 2346 T
483 2312 614 2356 empel.

253 2364 307 2394 16.
322 2363 423 2393 ea‘tra
438 2359 596 2404 portam]
612 2358 722 2393 naml.
737 2358 943 2392 Carmenta-

204 2407 286 2449 lem,
313 2407 407 2440 denn
427 2406 486 2448 25,
510 2410 541 2450 7,
562 2411 582 2441 6
602 2406 717 2440 heisst
737 2417 788 2439 es:
819 2406 944 2440 trium-

202 2455 276 2488 viri
301 2455 502 2497 reficiendis
528 2454 676 2488 aedibus
701 2453 891 2487 Fortunae
915 2456 946 2486 et

203 2503 331 2535 matris
359 2502 527 2535 Matutae
558 2502 659 2534 intra
684 2504 830 2544 portam
858 2500 945 2534 Car-

203 2549 390 2583 mentalem
439 2552 471 2582 et
509 2548 595 2591 Spei
643 2551 745 2582 esetra
789 2551 945 2591 portam,

204 2607 296 2640 qaae
323 2597 446 2639 priore
472 2605 569 2629 anno
582 2596 748 2629 incendio
762 2605 945 2638 consump-

205 2647 262 2677 tae
286 2644 443 2684 fuerant.

252 2689 413 2724 48—49.
461 2689 607 2733 Konig
635 2688 811 2733 Syphax
837 2688 947 2723 wird

205 2736 577 2781 Bundesgenosse
604 2737 732 2770 Roms
758 2736 844 2770 und
870 2736 948 2770 hat

207 2784 403 2818 schwerc
430 2783 617 2828 Kampfe
644 2783 688 2816 in
714 2783 874 2817 Afrika
899 2795 949 2816 zu

207 2830 434 2864 bestehen.
493 2830 689 2875 Spanien
726 2830 787 2865 ist
823 2830 878 2864 im
916 2829 947 2863 J.

208 2880 274 2910 213
302 2877 391 2912 fast
416 2889 523 2922 ganz
549 2877 693 2921 ruhig.

1062 1555 1126 1591 48.
1161 1560 1194 1591 2.
1222 1554 1373 1601 Syphaa:
1399 1555 1490 1600 erat]
1519 1567 1545 1591 s,
1573 1567 1617 1589 zu
1643 1558 1699 1598 37,
1725 1559 1757 1589 3.

1017 1602 1186 1638 Genauer
1222 1603 1310 1636 wird
1347 1614 1385 1637 er
1420 1603 1609 1637 anderswo
1635 1601 1759 1646 Ko'nig

1017 1650 1080 1685 der
1105 1650 1343 1684 Masaesulier
1367 1650 1547 1694 genannt,
1574 1649 1607 1683 d.
1633 1648 1656 1686 i.
1693 1648 1757 1683 des

1016 1697 1279 1738 westlichsten,
1306 1708 1352 1731 an
1373 1695 1627 1731 Mauretanien
1652 1706 1757 1741 gren-

1017 1745 1156 1779 zenden
1190 1744 1315 1779 Theils
1348 1755 1419 1778 von
1459 1743 1659 1778 Numidien
1690 1742 1759 1777 mit

1018 1793 1082 1826 der
1117 1791 1345 1836 Hauptstadt
1380 1790 1496 1834 Cirta3
1536 1790 1658 1835 Konig
1694 1790 1758 1825 des

1019 1839 1158 1874 andern
1184 1838 1327 1882 Theils,
1361 1838 1425 1873 der
1456 1838 1589 1873 &stlich
1621 1849 1668 1872 an
1693 1837 1758 1872 das

1019 1887 1184 1931 carthag.
1213 1886 1344 1920 Gebiet
1369 1887 1545 1928 anstosst,
1573 1885 1637 1919 der
1659 1884 1759 1919 Mae-

1020 1934 1142 1978 sulier,
1168 1933 1218 1968 ist
1243 1933 1353 1976 Gala;
1383 1945 1409 1968 S.
1437 1936 1455 1975 ξ
1486 1937 1537 1967 13.

1067 1997 1098 2027 3.
1123 1992 1376 2037 perseveraret]
1405 1992 1482 2026 also
1508 1992 1574 2026 hat
1592 1990 1758 2025 derselbe

1020 2040 1078 2075 die
1092 2039 1403 2085 Verlegenheiten
1423 2038 1626 2083 Carthagos
1647 2038 1759 2072 sehon

1020 2099 1063 2121 zu
1098 2087 1374 2131 kriegerischen
1410 2086 1760 2129 Unternehmungen

1016 2146 1134 2179 gegen
1173 2135 1224 2168 sie
1259 2134 1421 2168 benutzt.
1461 2135 1571 2177 (pers.
1597 2131 1667 2166 mit
1690 2130 1758 2166 Ins.

1016 2179 1082 2215 ἅπ.
1110 2180 1191 2224 elo.)

1064 2229 1147 2263 bene
1179 2227 1326 2272 camut]
1365 2227 1431 2261 das
1471 2227 1554 2260 bene
1585 2236 1650 2260 vor
1675 2224 1757 2270 Adj.

1016 2275 1150 2320 gehort
1182 2274 1285 2308 mehr
1317 2274 1382 2308 der
1414 2272 1759 2317 Umgangssprache

1017 2334 1064 2356 an
1096 2322 1220 2365 (franz.
1251 2322 1343 2363 bien)
1370 2337 1413 2349 =
1438 2321 1562 2361 valde5
1598 2319 1673 2364 vgl.
1699 2318 1759 2362 28,

1018 2374 1073 2413 44,
1101 2373 1119 2403 7
1156 2373 1196 2403 ut
1222 2369 1305 2403 bene
1330 2372 1430 2402 tatas
1455 2380 1478 2401 a
1498 2367 1657 2411 persidia
1681 2367 1758 2400 sim.

1064 2439 1239 2484 referant]
1277 2440 1374 2473 trotz
1408 2440 1666 2482 perseveraret,
1700 2436 1760 2470 ein

1018 2487 1208 2530 VVechsel,
1235 2487 1298 2520 der
1322 2486 1383 2520 bei
1408 2486 1447 2519 L.
1474 2485 1577 2519 nicht
1602 2483 1759 2527 aufflsslt,

1019 2534 1138 2568 zumal
1164 2534 1267 2568 nicht
1291 2533 1329 2567 in
1355 2533 1419 2567 der
1443 2532 1561 2575 Rede,
1588 2543 1613 2565 s,
1640 2535 1696 2573 33,
1723 2534 1761 2572 ὃς

1018 2583 1177 2625 referant
1206 2580 1256 2615 ist
1281 2580 1346 2614 das
1372 2580 1532 2623 Tempus
1557 2578 1621 2613 der
1647 2577 1761 2612 direc-

1018 2632 1082 2664 ten
1107 2628 1219 2663 Rede.

1067 2692 1100 2723 4.
1128 2686 1273 2731 leyatio]
1300 2685 1404 2720 nicht
1435 2684 1494 2718 die
1521 2684 1645 2728 legati,
1680 2694 1760 2717 son-

1020 2735 1109 2769 dern
1147 2745 1221 2768 was
1259 2733 1309 2767 sie
1347 2733 1518 2776 bringen‚
1562 2730 1621 2765 die
1658 2730 1761 2765 ‘Bot-

1021 2781 1169 2823 schaft’,
1195 2793 1210 2815 s
1237 2783 1256 2822 ξ
1282 2784 1314 2814 5.

1069 2840 1112 2862 ea:
1137 2826 1409 2871 conparatione]
1431 2824 1579 2869 eigentl.
1594 2824 1632 2857 in
1646 2823 1761 2868 Folge

1022 2876 1087 2910 der
1112 2874 1402 2919 Vergleichung,
1441 2873 1474 2906 d.
1508 2872 1543 2906 h.
1580 2870 1646 2905 ‘im
1671 2870 1761 2905 Ver-
