1882 3163
609 667 930 714 PERIOCHA
967 667 1138 714 LIBRI
1176 668 1349 714 XXIII.

324 771 530 827 Campani
569 772 621 813 ad
659 772 951 814 Hannibalem
989 772 1244 814 defecerunt.
1305 772 1481 814 nuntius
1520 770 1756 814 Cannensis

202 832 408 874 victoriae
440 831 570 887 Mago
604 830 910 886 Carthaginem
948 831 1104 872 missus
1144 831 1292 873 anulos
1325 846 1474 873 aureos
1509 831 1757 886 corporibus

206 891 444 933 occisorum
471 891 684 932 detractos
711 890 756 931 in
781 890 994 931 vestibulo
1029 890 1167 931 curiae
1200 890 1358 943 effudit,
1390 905 1495 945 quos
1528 890 1759 932 excessisse

205 950 337 992 modii
369 964 612 991 mensuram
643 949 837 990 traditur.
893 952 993 1003 post
1024 964 1150 1004 quem
1180 950 1379 990 nuntium
1409 948 1580 1003 Hanno,
1612 949 1676 991 vir
1707 964 1759 991 ex

202 1010 360 1051 Poenis
385 1009 616 1059 nobilibus,
649 1008 858 1050 suadebat
883 1009 1049 1057 senatui
1076 1006 1507 1063 Carthaginiensium,
1538 1012 1586 1049 ut
1610 1023 1758 1063 pacem

205 1083 230 1110 a
266 1068 426 1122 populo
468 1067 660 1110 Romano
705 1069 916 1122 peterent3
959 1081 1036 1109 nec
1080 1067 1221 1108 tenuit
1265 1068 1539 1122 obstrepente
1575 1066 1760 1109 Barcina

204 1127 401 1169 factione.
452 1125 657 1168 Claudius
689 1125 918 1168 Marcellus
956 1128 1130 1181 praetor
1162 1126 1214 1167 ad
1246 1125 1404 1168 Nolam
1435 1126 1658 1181 eruptione
1691 1126 1760 1167 ad-

203 1200 350 1228 versus
376 1185 667 1227 Hannibalem
699 1200 750 1226 ex
782 1185 939 1240 oppido
972 1186 1087 1227 facta
1118 1199 1319 1240 prospere
1346 1186 1568 1241 pugnavit.
1610 1183 1760 1227 Casili-

204 1260 309 1287 num
337 1260 362 1286 a
385 1244 541 1287 Poenis
570 1245 791 1287 obsessum
817 1245 879 1286 ita
903 1244 1016 1286 fame
1043 1248 1241 1286 vexatum
1267 1247 1342 1298 est,
1369 1248 1415 1286 ut
1441 1245 1534 1287 lora
1560 1247 1601 1286 et
1627 1244 1759 1299 pelles

206 1305 338 1346 scutis
360 1304 575 1347 detractas
603 1307 645 1345 et
670 1318 812 1345 mures
839 1304 992 1346 inclusi
1012 1307 1166 1346 essent.
1198 1304 1378 1345 nucibus
1404 1318 1480 1359 per
1499 1303 1761 1345 Vulturnum

204 1378 374 1405 amnem
400 1379 425 1405 a
450 1363 658 1406 Romanis
691 1363 834 1405 missis
859 1364 1068 1405 vixerunt.
1115 1366 1289 1405 senatus
1316 1377 1367 1404 ex
1392 1363 1580 1418 equestri
1611 1362 1760 1405 ordine

203 1423 452 1465 hominibus
474 1421 671 1465 CXCVII
693 1423 915 1478 suppletus
936 1426 1011 1464 est.
1043 1422 1089 1464 L.
1110 1421 1357 1464 Postumius
1383 1425 1555 1477 praetor
1581 1437 1606 1464 a
1625 1421 1760 1463 Gallis

205 1496 301 1523 cum
322 1483 510 1524 exercitu
531 1496 678 1524 caesus
701 1485 776 1524 est.
810 1480 884 1523 Cn.
906 1484 949 1523 et
968 1482 1014 1524 P.
1033 1480 1251 1536 Scipiones
1272 1482 1318 1523 in
1338 1481 1550 1536 Hispania
1568 1480 1761 1522 Hasdru—

204 1542 346 1582 balem
366 1541 560 1582 vicerunt
580 1544 622 1582 et
641 1540 897 1595 Hispaniam
920 1556 1039 1582 suam
1059 1541 1265 1583 fecerunt.
1295 1541 1500 1595 reliquiae
1521 1539 1760 1582 Cannensis

205 1601 414 1642 exercitus
453 1601 497 1641 in
534 1598 724 1641 Siciliam
762 1600 976 1655 relegatae
1016 1603 1131 1655 sunt,
1172 1615 1224 1641 ne
1261 1600 1505 1641 recederent
1542 1598 1640 1640 inde
1677 1599 1761 1641 nisi

203 1659 324 1701 finito
363 1659 488 1701 bello.
552 1658 828 1713 Sempronius
869 1657 1085 1700 Gracchus
1129 1659 1277 1700 consul
1315 1657 1556 1713 Campanos
1599 1657 1760 1700 cecidit.

206 1717 411 1760 Claudius
450 1718 677 1760 Marcellus
721 1721 894 1772 praetor
932 1717 1193 1759 Hannibalis
1238 1718 1468 1759 exercit-um
1510 1717 1563 1759 ad
1600 1715 1762 1765 Nolam

205 1778 370 1831 proelio
403 1777 514 1818 fudit
550 1781 592 1819 et
623 1777 742 1831 vicit,
779 1777 1026 1832 primusque
1064 1780 1129 1818 tot
1167 1777 1359 1818 cladibus
1397 1776 1521 1818 fessis
1553 1775 1761 1818 Romanis

209 1836 431 1878 meliorem
458 1851 578 1891 spem
606 1836 708 1877 belli
735 1836 861 1878 dedit.
904 1836 1017 1877 inter
1042 1835 1290 1891 Philippum
1313 1835 1589 1878 Macedoniae
1615 1848 1760 1890 regem

206 1898 249 1936 et
274 1895 564 1937 Hannibalem
598 1896 778 1938 societas
810 1896 955 1937 iuncta
987 1899 1063 1937 est.
1112 1898 1334 1950 praeterea
1360 1896 1404 1936 in
1431 1894 1645 1949 Hispania
1670 1893 1762 1934 feli-

208 1954 314 1995 citer
340 1970 364 1996 a
390 1954 541 1996 Publio
569 1958 610 1996 et
637 1954 711 1997 Cn.
737 1955 1007 2009 Scipionibus,
1033 1956 1076 1996 in
1102 1954 1304 1997 Sardinia
1328 1968 1356 1995 α
1380 1954 1425 1995 Τ.
1452 1953 1614 1995 Manlio
1640 1967 1760 2007 prae-

207 2016 300 2055 tore
333 2013 534 2055 adversus
560 2014 729 2056 Poenos
761 2028 828 2055 res
862 2016 1004 2069 gestas
1038 2014 1249 2067 continet,
1281 2029 1306 2055 a
1332 2013 1486 2068 quibus
1512 2011 1759 2054 Hasdrubal

210 2072 294 2115 dux
321 2075 364 2113 et
388 2072 517 2127 Mago
546 2076 587 2115 et
613 2072 769 2115 Hanno
797 2073 921 2127 capti.
967 2074 1175 2114 exercitus
1195 2072 1452 2113 Hannibalis
1479 2086 1554 2126 per
1578 2071 1760 2112 hiberna

211 2132 272 2172 ita
303 2131 541 2173 luxuriatus
575 2135 657 2186 est,
689 2135 736 2173 ut
767 2132 957 2186 corporis
992 2132 1207 2186 animique
1240 2131 1398 2172 viribus
1433 2131 1715 2172 enervaretur.
