1882 3163
177 101 233 142 26
644 101 790 136 LIBER
815 102 964 137 XXIIII.
1003 102 1106 138 CAP.
1133 106 1187 138 14.
1218 106 1270 137 15.

1517 120 1543 138 a.
1569 120 1598 138 u.
1623 120 1648 138 c.
1674 114 1738 140 540.

179 225 223 251 se
256 210 469 264 extemplo
501 209 685 250 liberum
717 209 932 251 iussurum
964 224 1075 264 esse,
1109 210 1182 265 qui
1206 210 1300 252 loco
1327 211 1542 265 cessisset,
1574 211 1620 252 in
1645 225 1740 252 eum

129 280 150 311 8
178 269 322 311 servili
367 268 578 323 supplicio
625 268 1038 324 animadversurum3
1083 284 1205 310 suam
1250 269 1400 324 cuique
1445 269 1664 311 fortunam
1695 270 1742 311 in

177 343 308 369 manu
353 342 456 369 esse.
505 327 718 368 libertatis
764 330 981 369 auctorem
1025 329 1085 369 eis
1129 343 1217 370 non
1255 342 1300 369 se
1337 328 1429 369 fore
1469 329 1625 383 solum,
1668 329 1743 370 sed

177 387 398 429 consulem
429 385 485 427 M.
517 385 787 440 Marcellum,
820 386 891 428 sed
925 387 1144 428 universos
1177 389 1340 441 patreS,
1385 402 1490 442 quos
1523 388 1742 429 consultos

130 457 150 488 9
178 446 232 487 ab
272 460 315 487 se
357 445 407 486 de
448 445 647 487 libertate
686 459 832 486 eorum
877 446 959 487 sibi
1002 446 1260 500 permisisse.
1309 446 1474 487 litteras
1514 446 1612 487 inde
1645 461 1743 488 con-

179 505 283 546 sulis
316 519 364 546 ac
397 507 570 545 senatus
604 504 844 546 consultum
875 505 1083 546 recitavit.
1134 505 1186 546 ad
1219 519 1326 559 quae
1359 505 1521 546 clamor
1552 520 1647 547 cum
1679 505 1743 546 in-

179 564 297 618 genti
330 564 513 605 adsensu
547 566 611 604 est
643 562 852 604 sublatus.
901 577 1092 619 pugnam
1123 564 1377 618 poscebant,
1411 564 1664 619 signumque
1697 566 1745 605 ut

108 633 152 664 10
179 623 301 664 daret
333 623 547 676 extemplo
580 622 778 664 ferociter
809 622 1046 664 instabant.
1096 621 1312 664 Gracchus
1344 623 1508 677 proelio
1534 623 1578 664 in
1604 625 1743 677 poste-

178 697 274 723 rum
307 681 418 723 diem
450 682 732 736 pronuntiato
761 682 1004 723 contionem
1031 682 1203 722 dimisit.
1253 682 1410 722 milites
1437 682 1553 732 laeti⁷
1585 681 1745 736 praeci-

178 755 261 794 pue
300 741 453 795 quibus
492 755 653 782 merces
686 743 868 782 navatae
900 741 945 782 in
976 755 1109 781 unum
1143 740 1254 781 diem
1287 755 1440 794 operae
1472 741 1650 782 libertas
1683 740 1747 781 fu-

178 803 276 841 tura
309 802 416 853 erat,
450 800 579 840 armis
612 799 884 853 expediendis
916 799 1032 854 quod
1057 799 1234 840 relicum
1260 803 1349 841 erat
1372 801 1453 841 diez·
1479 801 1747 842 consumunt.

111 858 165 900 15
180 861 355 912 postero
389 859 455 899 die
488 858 562 900 ubi
595 858 719 913 signa
752 861 982 912 coeperunt
1014 872 1184 912 canere,
1223 859 1349 912 primi
1382 859 1572 900 omnium
1604 858 1746 912 parati

179 918 463 972 instructique
503 917 556 958 ad
588 917 849 970 praetorium
882 916 1155 958 conveniunt.
1205 918 1293 958 sole
1326 919 1419 958 orto
1454 917 1669 959 Gracchus
1702 917 1745 958 in

181 977 316 1017 aciem
360 977 505 1030 copias
551 975 707 1029 educit,
752 990 829 1017 nec
874 976 1019 1017 hostes
1064 990 1229 1016 moram
1270 975 1502 1017 dimicandi
1540 976 1746 1017 fecerunt.

133 1046 153 1077 2
181 1035 326 1076 decem
371 1038 534 1089 septem
573 1035 693 1075 milia
725 1034 916 1088 peditum
949 1037 1088 1086 erant,
1134 1034 1322 1076 maxima
1353 1048 1404 1075 ex
1435 1037 1555 1088 parte
1586 1034 1748 1076 Bruttii

180 1108 228 1135 ac
260 1093 441 1146 Lucani,
485 1093 649 1147 equites
689 1093 806 1133 mille
849 1093 1037 1147 ducenti,
1080 1094 1191 1134 inter
1223 1107 1328 1147 quos
1361 1094 1486 1147 pauci
1519 1093 1748 1134 admodum

132 1164 152 1194 3
179 1152 339 1206 Italici,
384 1153 515 1194 ceteri
552 1151 764 1193 Numidae
809 1152 898 1193 fere
937 1167 1086 1194 omnes
1119 1152 1358 1207 Maurique.
1405 1155 1645 1207 pugnatum
1683 1153 1748 1193 est

181 1214 224 1253 et
262 1212 416 1253 acriter
455 1213 495 1252 et
534 1211 625 1264 diu,
671 1213 874 1265 quattuor
912 1211 1028 1253 horis
1070 1213 1224 1253 neutro
1256 1211 1464 1252 inclinata
1496 1213 1561 1252 est
1591 1223 1747 1265 pugna.

179 1285 257 1312 nec
290 1271 374 1311 alia
406 1270 545 1325 magis
572 1269 817 1311 Romanum
849 1270 1112 1324 impediebat
1144 1285 1211 1312 res
1239 1284 1364 1324 quam
1393 1270 1534 1324 capita
1558 1270 1748 1311 hostium

133 1341 156 1371 4
181 1330 320 1383 pretia
340 1329 553 1370 libertatis
575 1329 708 1371 facta:
740 1343 842 1370 nam
862 1332 910 1370 ut
931 1329 1108 1384 quisque
1135 1329 1305 1370 hostem
1330 1329 1497 1384 inpigre
1525 1328 1748 1382 occiderat,

230 1461 262 1492 7.
296 1458 480 1491 iussurum
515 1456 599 1501 esse]
633 1458 755 1491 iubere
787 1458 927 1499 bellum,

182 1505 289 1549 Zeyem
309 1517 343 1538 u.
358 1516 390 1538 a.
415 1504 631 1539 bezeichnet
658 1504 716 1538 die
735 1504 927 1539 Entschei-

181 1552 283 1595 dung
303 1552 366 1586 des
382 1552 559 1595 populum
580 1551 660 1586 hier
680 1551 797 1585 wahlt
817 1551 927 1586 Gracss

183 1599 271 1633 chus
318 1599 443 1632 diesen
480 1598 694 1632 feierlichen
734 1598 929 1632 Ausdruck

182 1647 277 1680 statt
307 1646 409 1688 velle,
441 1645 525 1679 weil
552 1656 590 1680 er
615 1645 675 1679 bei
701 1645 766 1680 der
796 1645 926 1680 bevor-

183 1692 388 1727 stehenden
413 1692 615 1736 Handlung
647 1692 711 1727 der
740 1692 930 1727 Vertreter

182 1740 245 1774 des
277 1739 540 1774 Volkswillens
571 1740 635 1780 ist3
674 1739 851 1784 fibrigens
882 1739 931 1773 ist

181 1797 252 1821 esse
284 1799 328 1821 zu
361 1787 512 1821 liberum
543 1799 588 1820 zu
621 1790 820 1831 erganzen,
854 1786 929 1831 vgl.

230 1882 305 1916 Ioco
337 1880 508 1926 cessisset]
545 1882 642 1915 Iocus
672 1880 723 1915 ist
755 1880 813 1915 die
847 1880 930 1915 dem

183 1928 373 1962 einzelnen
437 1928 614 1962 Soldaten
676 1928 930 1972 angewiesene

184 1975 355 2020 Stellung
379 1975 417 2008 in
446 1975 509 2009 der
537 1975 817 2009 Schlachtreihe
844 1975 932 2009 oder

181 2022 247 2056 der
272 2022 407 2057 Posten
439 2022 665 2066 iiberhaupt,
699 2022 866 2056 welchen
891 2032 930 2056 er

182 2069 279 2103 ohne
316 2069 468 2104 ho'chste
502 2069 671 2103 Schande
709 2069 784 2103 und.
822 2069 930 2103 harte

183 2116 304 2150 Strafe
336 2116 442 2150 nicht
473 2116 694 2159 preisgeben
726 2115 812 2149 darf
840 2117 930 2159 (loco

183 2163 321 2204 cedere,
362 2163 476 2196 Iocum
511 2163 685 2206 deserere,
724 2162 931 2207 Gegensatz

182 2211 225 2243 z'n
250 2210 328 2243 loco
354 2220 517 2250 manere;
550 2213 605 2252 37,
632 2214 653 2242 4
679 2220 742 2243 uec
768 2210 842 2243 Ioco
866 2220 931 2243 suo

184 2257 284 2290 miles
310 2256 548 2299 abscedebat),
575 2256 690 2290 daher
716 2258 800 2299 sagt
824 2256 931 2290 Pina-

182 2303 259 2337 rius
302 2314 375 2337 von
414 2302 553 2337 seinem
592 2303 832 2347 Standpunkt
875 2303 929 2336 als

178 2351 387 2395 praefectus
412 2354 467 2391 37,
495 2354 532 2383 9:
553 2350 741 2393 praesidio
768 2350 931 2384 decedere

185 2398 287 2441 apud
306 2397 491 2431 Romanos
510 2397 649 2440 capital
668 2400 729 2438 est,
754 2396 830 2430 und
852 2395 930 2430 Sal-

183 2444 261 2479 lust
285 2444 366 2478 lobt
391 2455 438 2478 an
459 2444 530 2478 den
551 2443 729 2478 Soldaten
748 2444 813 2477 des
833 2443 931 2477 Cati-

184 2491 262 2526 lina
299 2490 351 2533 (C.
392 2495 453 2534 61,
493 2492 527 2535 ⁶2.)
572 2490 610 2524 in
649 2491 712 2525 der
756 2489 932 2524 Schlacht

185 2538 246 2573 bei
284 2538 460 2573 Pistor-ia:
502 2549 602 2582 quem
640 2538 788 2582 quisque
829 2538 932 2572 vivus

183 2586 386 2629 puynamlo
401 2586 516 2620 locum
535 2589 686 2629 ceperat,
705 2596 784 2619 eum
797 2584 932 2618 amissa

189 2633 314 2666 am'ma
339 2643 485 2676 corpore
511 2633 656 2676 tegebat.

235 2680 358 2714 servili
382 2678 577 2724 supplicio]
612 2690 689 2712 war
715 2678 779 2713 das
808 2677 930 2712 Leben

189 2726 376 2768 verwirkt,
404 2737 443 2760 so
464 2726 588 2760 wurde
610 2725 674 2760 der
693 2724 783 2760 freie
798 2725 934 2759 Ro’mer

189 2773 259 2807 mit
297 2773 381 2807 dem
419 2773 521 2807 Beile
559 2772 826 2817 hingerichtet,
870 2771 935 2805 der

191 2820 326 2854 Sklave
354 2831 400 2854 an
427 2820 491 2854 das
514 2820 633 2853 Kreuz
657 2819 893 2864 geschlagen.

238 2868 269 2900 8.
315 2868 374 2901 sed
404 2887 442 2891 ——
470 2866 544 2911 sed]
577 2866 646 2901 wie
674 2866 706 2909 S,
734 2870 790 2909 34,
819 2869 837 2900 7
862 2875 936 2899 ‘nou

1000 1457 1044 1491 L.
1068 1456 1277 1500 Papirium,
1302 1456 1363 1491 sed
1383 1456 1560 1498 tribunos,
1582 1455 1643 1490 sed
1654 1467 1747 1499 pra-

1000 1515 1085 1538 vum
1106 1504 1238 1547 populi
1262 1504 1441 1538 iudicium
1460 1507 1623 1547 posteros
1643 1513 1747 1537 accu-

1001 1554 1154 1585 saturos.

1050 1598 1152 1643 quos]
1181 1613 1224 1626 =
1249 1609 1333 1631 uam
1361 1608 1437 1639 eos,·
1464 1597 1597 1632 ebenso
1622 1601 1679 1640 26,
1705 1600 1745 1630 11

1003 1658 1026 1679 a
1052 1656 1133 1689 qua.

1052 1696 1083 1726 9.
1108 1692 1157 1726 ad
1176 1691 1283 1736 quae]
1300 1692 1348 1725 ad
1363 1691 1418 1726 oft
1430 1691 1489 1725 die
1503 1694 1650 1726 aussere
1658 1691 1748 1725 Ver-

1002 1739 1203 1783 anlassung
1229 1738 1487 1773 ausdrtickend
1513 1755 1557 1766 =
1585 1737 1674 1772 ‘auf
1695 1739 1748 1773 et-

1002 1797 1077 1820 was
1103 1786 1179 1828 hin,
1206 1785 1295 1828 bei’,
1323 1796 1362 1819 so
1383 1789 1439 1828 30,
1461 1790 1493 1820 5.
1514 1789 1571 1829 31,
1587 1789 1620 1819 4.
1644 1789 1701 1828 37,
1718 1789 1749 1820 1.

1053 1837 1105 1867 10.
1145 1832 1376 1878 consumunt]
1411 1832 1551 1867 Constr.
1584 1832 1653 1867 wie
1687 1830 1749 1876 25,

1004 1885 1060 1923 37,
1089 1884 1107 1914 7
1140 1890 1241 1914 omne
1266 1880 1351 1914 inde
1376 1883 1513 1923 tempus
1541 1879 1749 1913 ‘muniendis

1003 1927 1133 1962 castris
1164 1927 1466 1970 convehendisque
1498 1926 1751 1961 commeatibus

1005 1974 1246 2018 consumpsz't‚·
1278 1974 1412 2008 ebenso
1446 1973 1536 2008 wird
1567 1974 1750 2008 absumere

1003 2021 1208 2066 gebraucht
1233 2022 1305 2064 (20,
1335 2021 1403 2064 14).

1052 2067 1223 2104 15—16.
1264 2067 1482 2102 Schlacht
1515 2066 1588 2101 bei
1613 2066 1749 2101 Bene-

1003 2116 1114 2150 vent.
1164 2114 1245 2148 Die
1279 2114 1474 2149 Sklaven
1506 2114 1603 2148 frei.
1655 2112 1751 2148 Sie-

1004 2161 1214 2206 gesjubel
1240 2161 1283 2195 in
1310 2160 1552 2195 Benevent.

1054 2213 1084 2242 1.
1110 2209 1217 2252 sigma
1243 2219 1270 2242 c.
1297 2208 1438 2252 canere]
1469 2207 1680 2249 ‘ertonen’3
1710 2217 1749 2242 so

1005 2257 1083 2297 (46,
1116 2257 1152 2298 2)
1189 2254 1277 2288 oder
1307 2255 1414 2298 siqua
1448 2254 1643 2288 concinunt
1676 2253 1749 2297 (30,
1793 2292 1797 2294 ,

1004 2307 1036 2342 5,
1063 2302 1098 2345 2)
1132 2301 1246 2335 heisst
1278 2313 1314 2336 es
1347 2301 1415 2335 bei'
1433 2300 1473 2334 L.
1509 2300 1580 2343 oft3
1618 2300 1751 2335 andere

1003 2349 1053 2382 ist
1078 2352 1140 2391 46,
1168 2352 1187 2382 6
1220 2359 1346 2382 canere
1381 2348 1541 2383 ‘blasen’
1574 2348 1752 2391 (n'amlich

1006 2397 1145 2438 cornu).

1046 2443 1163 2486 primi
1206 2442 1321 2487 contu]
1367 2453 1441 2476 wer
1485 2441 1584 2476 diese
1628 2442 1751 2476 ersten

1005 2500 1139 2532 waren,
1167 2489 1311 2533 ergiebt
1335 2489 1399 2523 der
1420 2488 1750 2532 Zusamrnenhang.

1049 2537 1178 2580 parati
1203 2536 1456 2581 instructique]
1497 2535 1577 2569 eine
1603 2534 1751 2579 h'aufige

1004 2583 1264 2627 Verbindung3
1292 2596 1317 2617 s.
1346 2587 1402 2625 37,
1428 2587 1460 2617 4.
1486 2585 1543 2625 40,
1573 2585 1604 2616 5.

1053 2634 1085 2664 2.
1113 2631 1226 2665 dece-m
1245 2629 1389 2675 septem]
1407 2629 1482 2674 vgl.
1493 2631 1622 2672 septem
1636 2628 1751 2662 decem

1006 2681 1069 2719 49,
1092 2682 1130 2720 1,
1163 2677 1280 2712 wofiir
1305 2676 1344 2710 L.
1378 2678 1481 2710 sonst
1510 2675 1605 2710 auch
1636 2675 1752 2709 decem

1007 2728 1038 2758 et
1063 2727 1192 2768 septem
1216 2725 1308 2768 sagt,
1335 2736 1362 2757 z,
1379 2723 1419 2759 B.
1446 2721 1506 2765 28,
1526 2726 1559 2766 4,
1584 2726 1603 2756 6
1636 2722 1751 2756 decem

1008 2774 1039 2804 et
1061 2774 1190 2814 septem
1208 2781 1333 2813 naves,
1360 2769 1434 2804 und
1455 2769 1613 2803 seltener
1631 2768 1670 2802 in
1689 2780 1750 2802 zu-

1008 2828 1380 2862 sammengezogener
1417 2816 1526 2850 Form
1564 2815 1751 2859 septemde-

1010 2865 1074 2898 cim
1104 2864 1177 2908 (22,
1205 2868 1261 2908 57,
1289 2865 1336 2897 m.
