1882 3163
67 572 118 608 60

141 113 198 155 90
615 111 759 146 LIBER
784 111 899 147 XXII.
951 110 1052 146 CAP.
1079 116 1135 147 59.
1173 116 1226 147 60.

1545 129 1570 146 a.
1590 129 1619 146 u.
1638 122 1704 148 538·

142 220 349 275 civitatis,
391 220 443 261 ad
480 219 749 262 redimendos
789 233 881 261 sese
919 219 1080 261 missis:
1118 219 1289 260 redeam
1329 233 1408 274 ego
1442 219 1487 259 in
1517 219 1703 273 patriam

72 285 114 317 19
141 280 344 321 trecentis
376 279 564 320 nummis
597 293 685 320 non
711 278 962 320 aestimatus
989 278 1123 320 civis?
1158 293 1281 319 suum
1308 277 1488 332 quisque
1513 278 1701 320 animum

140 339 273 392 habet,
304 340 448 393 patres
480 338 724 392 conscripti.
770 337 857 379 scio
891 337 935 378 in
967 337 1212 378 discrimine
1246 351 1337 378 esse
1369 336 1502 377 vitam
1532 351 1703 391 corpus-

141 412 221 452 que
246 411 406 438 meum:
438 396 577 451 magis
604 411 671 438 me
702 396 841 437 famae
873 396 1109 451 periculum
1138 398 1298 449 movet,
1330 409 1384 436 ne
1417 410 1442 436 a
1474 395 1596 437 vobis
1633 394 1703 437 da-

140 456 279 497 mnati
317 470 365 497 ac
406 456 566 509 repulsi
605 456 826 497 abeamus:
868 469 1007 509 neque
1039 455 1153 496 enim
1185 469 1260 496 vos
1292 454 1430 510 pretio
1464 454 1706 509 pepercisse

139 515 335 556 homines
369 514 580 556 credent“.

258 572 345 615 Ubi
376 573 413 614 is
440 573 570 614 finem
595 572 714 627 fecit,
747 572 962 627 extemplo
990 572 1043 614 ab
1070 586 1120 613 ea
1145 572 1290 624 turba,
1324 586 1431 626 quae
1458 571 1502 612 in
1526 571 1703 614 comitio

145 636 255 685 erat,
287 633 448 674 clamor
479 631 634 673 flebilis
667 633 732 673 est
765 631 981 684 sublatus,
1013 645 1249 684 manusque
1283 630 1336 671 ad
1369 631 1531 672 curiam
1560 630 1705 672 tende-

97 696 116 726 2
144 691 251 732 bant
283 694 473 744 orantes,
513 693 561 732 ut
594 690 676 732 sibi
712 690 870 732 liberos
909 690 1062 731 fratres
1102 691 1309 744 cognatos
1347 689 1583 730 redderent.
1645 688 1704 730 fe-

144 750 284 791 minas
318 764 484 804 quoque
516 752 655 790 metus
688 763 736 790 ac
767 749 1002 791 necessitas
1035 748 1082 789 in
1111 747 1207 789 foro
1240 748 1392 789 turbae
1424 747 1616 789 virorum
1641 748 1704 788 in-

96 814 118 845 3
144 809 385 850 miscuerat.
436 810 608 849 senatus
636 807 846 849 submotis
875 807 1048 849 arbitris
1075 806 1241 848 consuli
1267 809 1455 862 coeptus.

1517 806 1579 847 ibi
1610 820 1705 847 cum

144 867 367 909 sententiis
393 867 650 920 variaretur,
683 869 725 907 et
752 866 824 907 alii
849 865 1118 906 redimendos
1147 865 1197 906 de
1222 865 1413 919 publico,
1440 865 1514 907 alii
1539 864 1707 906 nullam

142 927 312 980 publice
338 926 563 980 inpensam
587 924 830 967 faciendam
855 938 933 965 nec
965 922 1256 978 prohibendos
1284 939 1333 965 ex
1353 924 1521 978 privato
1542 923 1708 977 redimi,

93 991 115 1021 4
142 985 179 1026 si
211 985 366 1039 quibus
400 986 625 1039 argentum
657 984 704 1024 in
734 982 981 1037 praesentia
1013 982 1197 1036 deesset,
1236 982 1421 1024 dandam
1459 997 1510 1023 ex
1542 982 1707 1024 aerario

141 1044 367 1098 pecuniam
393 1046 606 1096 mutuam,
639 1041 953 1096 praedibusque
987 1055 1036 1082 ac
1067 1040 1253 1096 praediis
1286 1041 1522 1083 cavendum
1548 1041 1708 1095 populo

93 1109 113 1139 5
143 1104 384 1156 censerent,
415 1105 509 1143 tum
541 1101 586 1142 T.
618 1100 807 1141 Manlius
841 1099 1104 1154 TorquatUS,
1135 1099 1302 1154 priscae
1336 1114 1384 1141 ac
1410 1099 1538 1141 nimis
1567 1099 1707 1152 durae,

139 1163 187 1202 ut
217 1160 431 1215 plerisque
464 1159 707 1212 videbatur,
743 1159 1002 1212 severitatis,
1029 1159 1321 1214 interrogatus
1355 1158 1613 1199 sententiam
1645 1157 1707 1199 ita

93 1226 113 1256 6
139 1219 309 1261 locutus
340 1219 495 1261 fertur:
526 1218 588 1273 „si
620 1217 919 1259 tantummodo
945 1218 1240 1271 postulassent
1266 1217 1399 1272 legati
1427 1231 1504 1271 pro
1531 1217 1597 1271 iis,
1629 1216 1702 1271 qui

137 1278 183 1319 in
214 1278 405 1320 hostium
437 1279 650 1332 potestate
678 1280 793 1331 sunt,
830 1279 878 1318 ut
897 1276 1220 1330 redimerentur,
1259 1277 1349 1318 sine
1370 1276 1498 1317 ullius
1525 1275 1706 1317 insecta-

90 1343 111 1374 7
138 1337 254 1378 tione
301 1351 448 1378 eorum
485 1336 607 1377 brevi
655 1335 916 1377 sententiam
953 1335 1225 1390 peregissem.
1291 1335 1393 1390 quid
1436 1335 1550 1375 enim
1589 1334 1706 1376 aliud

140 1410 267 1450 quam
306 1395 564 1436 admonendi
603 1395 772 1448 essetis,
813 1397 859 1435 ut
897 1408 1060 1436 morem
1098 1394 1305 1435 traditum
1345 1409 1369 1435 a
1406 1394 1601 1447 patribus
1633 1407 1705 1434 ne-

140 1455 326 1496 cessario
349 1454 402 1495 ad
422 1469 512 1495 rem
539 1453 770 1495 militarem
792 1454 984 1507 exemplo
1007 1454 1247 1494 servaretis.
1291 1467 1405 1494 nunc
1426 1454 1581 1506 autem,
1607 1465 1704 1493 cum

138 1527 271 1567 prope
305 1513 481 1568 gloriati
514 1513 616 1566 sint,
657 1512 769 1567 quod
809 1526 853 1553 se
885 1511 1083 1554 hostibus
1117 1511 1376 1565 dediderint,
1414 1510 1704 1565 praeferrique

138 1655 202 1695 40,
228 1655 290 1695 32,
317 1651 369 1685 im
393 1652 426 1687 J.
452 1653 539 1694 280,
572 1651 668 1685 nach
695 1650 760 1684 der
786 1650 882 1695 Sage

138 1710 207 1732 nur
233 1711 297 1732 zur
322 1698 427 1732 Feier
453 1698 518 1733 der
544 1697 781 1732 Saturnalien
807 1697 883 1731 und

138 1757 201 1779 um
246 1746 353 1780 einen
390 1743 710 1779 Friedensschlufs
756 1755 883 1778 auszu-

138 1792 296 1835 wirken,
346 1792 443 1826 nach
488 1792 623 1826 dessen
659 1790 885 1835 Ablehnung

139 1839 327 1874 dieselben
365 1838 502 1874 wieder
539 1850 583 1873 zu
618 1839 781 1882 Pyrrhus
825 1849 883 1872 zu-

137 1886 373 1921 riickkehren
405 1885 577 1920 mussten.
628 1884 725 1919 Plut.
752 1884 883 1929 Pyrrh.

138 1937 194 1967 20.
245 1933 402 1977 Appian.
431 1933 554 1968 Samn.
583 1936 637 1967 10.
665 1953 709 1956 —
740 1933 882 1967 redeam

137 1980 384 2025 anaphorisch
428 1981 523 2014 nach
569 1979 728 2021 rediere;
787 1979 881 2014 ohne

138 2027 238 2061 diese
270 2027 382 2071 Figur
413 2026 550 2061 musste
578 2037 646 2071 ego
681 2025 772 2060 ‘und
803 2025 879 2060 ich'

138 2084 187 2107 an
213 2073 273 2107 die
294 2073 417 2118 Spitze
444 2073 508 2107 des
531 2073 656 2107 Satzes
682 2074 815 2107 treten.
836 2092 883 2097 —

137 2121 222 2161 seio,
253 2121 387 2164 mayis:
425 2119 484 2154 die
519 2119 742 2162 mangelnde
779 2119 882 2153 Satz-

138 2166 372 2210 verbindung
403 2166 537 2200 drsickt
576 2166 634 2200 die
668 2166 882 2210 Erregtheit

137 2213 202 2248 des
227 2213 392 2247 Redners
419 2224 496 2247 aus.
522 2243 524 2246 .

186 2306 251 2350 60,
287 2310 388 2341 1-5.
431 2306 641 2348 necessitas,
679 2316 784 2339 wenn
822 2305 881 2339 die

139 2353 379 2398 Gesangenen
398 2352 457 2387 die
472 2352 656 2387 Ern'ahrer
675 2351 740 2386 der
759 2350 880 2386 Fami-

138 2400 187 2435 lie
214 2411 345 2435 waren.
374 2420 418 2425 —
452 2400 492 2434 in
518 2400 618 2442 foro,
645 2399 804 2433 welches
830 2398 882 2432 im

139 2447 315 2482 weiteren
343 2446 454 2481 Sinne
481 2446 577 2481 auch
604 2446 669 2480 das
689 2445 882 2481 comitium

138 2493 301 2528 umfasst.
329 2514 373 2519 —
399 2494 590 2535 submotis,
617 2504 646 2527 c.
675 2497 731 2536 56,
759 2497 795 2535 13
822 2504 882 2527 ar-

140 2541 260 2584 bitris,
298 2540 357 2575 die
384 2541 477 2574 zehn
502 2540 791 2584 Abgeordneten
817 2539 882 2574 der

140 2587 387 2632 Gesangenen.
416 2608 459 2612 —
486 2588 529 2622 de
549 2587 709 2631 publico,
735 2587 804 2621 wie
829 2586 881 2620 im

139 2635 339 2679 folgenden
381 2638 399 2676 ἓ
437 2644 479 2668 ex
524 2633 677 2669 aerario.
723 2654 766 2659 -
817 2644 881 2668 nec

138 2682 239 2725 proh.
261 2698 304 2710 =
325 2691 392 2715 nec
419 2692 504 2715 vero
531 2681 634 2724 proh.
658 2691 764 2724 zwar,
794 2680 883 2715 aber

140 2728 234 2762 auch
269 2727 383 2762 nicht.
411 2748 454 2752 -—
487 2729 528 2762 in
549 2728 776 2772 praesentia,
808 2727 882 2761 Ab·

140 2774 242 2808 lativ.
271 2794 313 2799 —
337 2775 552 2818 praedibus,
593 2773 744 2818 eigentl.
776 2784 880 2818 prae-

139 2820 298 2863 vidibus,
315 2821 568 2865 Compositum
583 2832 655 2856 von
669 2832 745 2863 vim,
764 2820 880 2864 vadis,

139 2867 375 2911 gewohnlich
396 2867 652 2913 Staatsbfirge‚
677 2867 750 2902 Cic.
773 2867 880 2912 epist.

949 1698 1119 1742 praediis
1126 1724 1137 1739 ,

956 1654 995 1693 2,
1042 1654 1106 1692 17,
1144 1654 1166 1684 4
1210 1662 1262 1693 pr.
1299 1649 1477 1693 pecuniae
1509 1648 1703 1694 publicae3

1193 1696 1385 1731 verwandt
1433 1696 1502 1731 mit
1550 1696 1701 1740 praeda,

956 1743 1246 1788 Realhypothek
1284 1743 1340 1778 als
1378 1742 1599 1788 Erganzung
1637 1743 1703 1778 der

956 1790 1305 1833 Personalkaution3
1345 1790 1509 1825 dieselbe
1546 1789 1702 1825 Verbin-

957 1838 1059 1882 dung
1094 1837 1167 1873 Cic.
1201 1837 1345 1873 Verrin.
1381 1842 1416 1879 1,
1455 1840 1511 1880 54,
1552 1840 1630 1872 142.
1657 1857 1701 1862 —

953 1885 1105 1930 populo,
1131 1885 1185 1919 als
1200 1884 1284 1919 dem
1299 1884 1461 1919 Besitzer
1480 1884 1544 1919 des
1560 1884 1703 1919 Staats-

955 1935 1187 1976 vermogens.
1209 1951 1252 1956 —
1276 1932 1460 1974 Manlius,
1481 1935 1538 1976 23,
1558 1934 1616 1975 34,
1640 1934 1703 1966 15:

955 1978 1019 2022 qui
1056 1978 1113 2013 bis
1150 1978 1278 2013 consul
1316 1980 1354 2013 et
1394 1989 1524 2013 censor
1561 1977 1702 2021 fuerat3

956 2026 1113 2070 Strenge
1145 2025 1193 2060 ist
1224 2025 1296 2059 den
1327 2025 1486 2060 meisten
1518 2025 1701 2059 Manliern

955 2071 1079 2116 eigen,
1123 2072 1349 2117 Imperiosus
1386 2071 1447 2106 ein
1491 2072 1702 2106 verdientes

955 2129 1160 2162 cognomen
1187 2123 1219 2161 7,
1238 2123 1271 2162 4,
1291 2123 1311 2152 3
1337 2118 1411 2152 und
1433 2117 1492 2152 die
1508 2117 1700 2152 Manliana

954 2165 1112 2209 imperia
1140 2165 1446 2209 sprichwortlich.
1474 2184 1516 2189 —
1542 2165 1698 2198 interro—

954 2216 1063 2257 9atus
1087 2215 1173 2246 sent.
1202 2211 1322 2245 neben
1346 2212 1498 2255 rogatus
1525 2211 1616 2245 sent.
1640 2214 1697 2254 37,

957 2263 1017 2303 14,
1045 2262 1076 2294 5.
1116 2279 1159 2284 -—
1203 2258 1320 2301 fertur
1363 2269 1425 2291 zur
1466 2256 1699 2302 Einfiihrung

955 2306 1057 2340 einer
1093 2316 1179 2340 vom
1216 2303 1427 2339 Historiker
1462 2303 1532 2339 frei
1569 2314 1699 2348 ausge-

955 2352 1105 2387 ffihrten
1130 2351 1246 2392 Rede;
1276 2355 1332 2395 21,
1358 2355 1414 2394 43,
1443 2356 1473 2386 1.
1501 2353 1557 2395 28,
1580 2354 1638 2393 43,
1668 2355 1697 2385 1.

1003 2404 1034 2434 6.
1063 2403 1094 2435 7.
1121 2398 1338 2443 Einleitung
1363 2398 1427 2432 der
1448 2397 1558 2432 Rede.
1581 2418 1622 2422 —
1645 2398 1696 2432 br.

954 2446 1166 2481 sententiam
1190 2446 1412 2490 pereyissem,
1438 2449 1476 2487 9,
1503 2447 1543 2488 8,
1568 2448 1607 2487 4,
1635 2444 1698 2479 ab·

955 2494 1054 2528 solut
1094 2493 1223 2537 paucis
1265 2492 1467 2527 absolvere.
1515 2510 1558 2516 ——-
1608 2492 1698 2535 quid

954 2540 1059 2575 aliud
1085 2551 1203 2585 quam,
1229 2539 1323 2573 auch
1349 2551 1383 2583 q.
1405 2549 1435 2573 a.
1461 2537 1549 2581 nisi,
1574 2538 1611 2572 in
1633 2538 1699 2572 der

954 2588 1073 2632 Frage
1094 2586 1165 2621 mit
1181 2585 1467 2620 verneinendem
1488 2584 1610 2628 Sinne‚
1638 2588 1694 2629 26,

953 2638 1011 2678 41,
1040 2637 1101 2676 11,
1127 2633 1278 2667 {ihnlich
1303 2631 1397 2666 nihil
1428 2632 1474 2666 al.
1503 2642 1632 2675 quam,
1666 2643 1694 2666 c.

956 2685 1017 2725 12,
1053 2684 1117 2722 113
1151 2681 1250 2715 sonst
1282 2679 1376 2714 alius
1407 2689 1466 2721 ac,
1500 2678 1622 2722 atque.
1652 2698 1695 2704 —

953 2738 1085 2762 morem
1109 2730 1154 2761 tr.
1187 2738 1221 2761 a.
1247 2729 1347 2771 patr.
1381 2725 1445 2759 der
1473 2735 1552 2759 mos
1579 2725 1696 2760 maio-

953 2786 1053 2817 rum,
1087 2773 1146 2809 ein
1180 2773 1375 2817 wichtiger
1398 2771 1537 2806 Faktor
1568 2771 1605 2805 in
1632 2772 1697 2807 der

955 2820 1243 2855 konservativen
1258 2818 1397 2854 Politik
1418 2818 1482 2852 der
1495 2818 1640 2853 Romer.
1652 2839 1695 2843 -

954 2878 1053 2903 nunc
1072 2871 1202 2909 autem,
1228 2878 1271 2900 zu
1298 2869 1353 2909 21,
1378 2869 1432 2909 13,
1452 2869 1483 2899 2.
1519 2886 1561 2890 -
1582 2876 1693 2910 prae-
