1882 3163
124 123 150 141 a.
173 114 239 140 Chr.
261 122 290 140 n.
312 115 374 140 212.

651 103 796 138 LIBER
821 103 932 138 XXV.

974 103 1073 138 CAP.
1105 108 1156 138 11.
1633 103 1690 144 Ξῖ)

127 201 171 242 111
203 215 362 257 pugna.
411 200 510 242 inde
543 215 649 254 opus
681 200 800 242 nullo
827 200 1082 255 prohibente
1115 200 1206 241 fieri
1231 202 1447 254 coeptum:
1478 199 1596 242 fossa
1628 199 1690 240 in·
1719 209 1738 241 7

126 274 232 315 gens
265 260 408 314 ducta,
441 262 484 301 et
514 259 676 301 vallum
707 259 822 300 intra
854 273 949 300 eam
982 259 1180 313 erigitur,
1211 258 1465 313 modicoque
1496 261 1596 313 post
1626 259 1688 299 in-

127 319 307 361 tervallo
339 333 508 360 murum
541 318 670 359 etiam
702 318 848 359 eadem
880 318 1056 372 regione
1084 317 1236 358 addere
1262 320 1399 372 parat,
1432 320 1481 359 ut
1505 318 1573 359 vel
1600 317 1690 359 sine

123 377 336 432 praesidio
368 378 480 419 tueri
519 391 563 418 se
596 376 797 418 adversus
829 375 1050 418 Romanos
1089 379 1277 430 possent.

1339 377 1512 432 reliquit
1545 378 1690 417 tamen
1717 386 1737 417 8

125 436 339 478 modicum
370 435 648 490 praesidium,
692 435 819 476 simul
852 438 898 475 ut
925 435 970 476 in
1007 435 1264 488 perficiendo
1304 450 1426 476 muro
1460 435 1693 477 adiuvaret.

123 495 215 549 ipse
248 494 466 549 profectus
499 509 594 536 cum
627 494 779 536 ceteris
807 493 940 548 copiis
968 493 1021 534 ad
1048 492 1279 535 Galaesum
1304 493 1464 535 flumen
1488 518 1547 523 —
1573 494 1692 548 quin—

124 568 206 608 que
238 554 358 595 milia
390 554 443 595 ab
475 553 579 594 urbe
612 553 734 594 abest
765 577 820 583 —-
852 552 998 606 posuit
1029 554 1181 594 castra.

1244 567 1294 593 ex
1331 552 1399 593 his
1433 553 1600 594 stativis
1632 567 1692 594 re·
1719 564 1738 594 9

125 626 298 668 gressus
331 613 384 654 ad
415 611 744 666 inspiciendum,
777 611 888 666 quod
922 625 1029 665 opus
1061 611 1331 666 aliquantum
1369 612 1570 665 opinione
1603 612 1692 653 eius

125 672 303 713 celerius
337 673 540 725 creverat,
573 685 691 725 spem
724 670 838 724 cepit
871 670 1001 711 etiam
1028 684 1168 711 arcem
1195 671 1435 725 expugnari
1460 685 1599 724 posse.
1651 674 1694 712 et

125 732 192 771 est
222 745 310 771 non
339 730 577 784 altitudine,
608 732 657 771 ut
684 731 862 782 ceterae,
893 731 1000 783 tuta,
1027 728 1100 770 sed
1125 729 1221 771 loco
1247 729 1375 783 plano
1402 729 1546 783 posita
1572 732 1614 770 et
1640 729 1694 770 ab

124 789 229 831 urbe
261 803 383 831 muro
416 791 586 830 tantum
619 803 667 829 ac
705 787 825 830 fossa
863 787 1011 829 divisa.

126 848 244 889 omni
278 861 434 903 genere
468 850 510 888 et
541 847 741 902 operibus
784 849 1126 902 oppugnaretur,
1165 847 1344 888 missum
1386 861 1411 887 a
1442 846 1692 900 Metaponto

123 907 385 962 praesidium
412 906 621 948 Romanis
647 905 752 948 fecit
779 906 980 960 animum,
1012 908 1060 946 ut
1085 908 1213 948 nocte
1240 920 1291 947 ex
1315 906 1536 960 inproviso
1564 920 1694 959 opera

123 965 314 1007 hostium
357 965 621 1007 invaderent.

693 965 779 1006 alia
820 965 1095 1019 disiecerunt,
1139 965 1224 1006 alia
1266 965 1358 1020 igni
1402 967 1694 1019 corruperunt.

124 1024 246 1079 isque
277 1025 374 1065 finis
400 1024 640 1066 Hannibali
671 1023 754 1065 fuit
786 1038 836 1065 ea
866 1026 989 1078 parte
1023 1038 1164 1065 arcem
1191 1023 1480 1079 oppugnandi.
1530 1024 1694 1077 reliqua
1723 1035 1763 1064 11

125 1086 218 1125 erat
250 1083 295 1125 in
327 1083 552 1125 obsidione
585 1097 695 1137 spes,
725 1097 804 1124 nec
837 1097 886 1124 ea
918 1083 1022 1124 satis
1056 1082 1217 1137 efficax,
1249 1083 1349 1137 quia
1382 1097 1522 1124 arcem
1548 1085 1695 1124 tenen-

126 1145 204 1196 tes,
236 1156 346 1197 quae
378 1142 424 1183 in
454 1142 735 1196 paeneinsula
766 1142 910 1196 posita
940 1142 1135 1182 imminet
1160 1142 1356 1183 faucibus
1381 1144 1546 1196 portus,
1578 1155 1695 1182 mare

124 1201 311 1242 liberum
343 1200 576 1254 habebant,
608 1201 710 1242 urbs
743 1203 894 1242 contra
920 1201 1090 1242 exclusa
1117 1201 1347 1242 maritimis
1374 1201 1695 1252 commeatibus,

124 1260 387 1314 propiusque
418 1260 612 1314 inopiam
644 1262 768 1301 erant
800 1259 1048 1301 obsidentes
1080 1274 1208 1315 quam
1241 1260 1418 1301 obsessi.
1474 1259 1694 1300 Hannibal
1724 1271 1765 1301 12

128 1319 375 1361 convocatis
407 1319 675 1373 principibus
703 1319 948 1360 Tarentinis
976 1332 1124 1360 omnes
1150 1319 1390 1373 praesentis
1418 1318 1695 1360 difficultates

127 1378 341 1433 exposuit:
380 1392 517 1432 neque
550 1378 659 1419 arcis
690 1380 780 1419 tam
813 1377 1004 1419 munitae
1044 1378 1352 1433 expugnandae
1385 1391 1554 1418 cernere
1582 1376 1696 1418 viam

127 1451 264 1491 neque
296 1436 341 1477 in
373 1437 597 1478 obsidione
629 1437 856 1492 quicquam
893 1436 1052 1478 habere
1091 1438 1199 1491 spei,
1236 1436 1371 1478 donec
1408 1436 1517 1477 mari
1548 1436 1695 1477 hostes

131 1496 364 1550 potiantur.

177 1686 206 1716 7.
244 1683 345 1717 intra
371 1682 462 1728 eccm]
491 1693 565 1716 von
591 1682 656 1716 der
678 1681 785 1716 Stadt
811 1692 876 1715 aus

128 1728 332 1773 gerechnet
358 1729 433 1762 und
461 1740 500 1763 so
527 1747 571 1759 =
599 1731 702 1764 eitra.

178 1789 301 1823 eadem
326 1788 483 1833 reyione]
509 1789 608 1833 <re-(sio
637 1787 876 1831 ‘Richtung’3

131 1834 190 1869 (lie
210 1834 339 1869 Mauer
358 1846 434 1868 war
454 1835 539 1869 dem
559 1834 683 1868 Walle
706 1834 875 1879 parallel.

130 1883 272 1928 reyione
309 1880 379 1916 mit
414 1881 504 1916 Gen.
539 1899 582 1910 =
618 1881 875 1925 ‘gegem'iber'‚

130 1941 157 1963 z.
184 1928 225 1963 B.
254 1932 309 1970 25,
337 1934 368 1964 8.
396 1933 453 1971 30,
482 1933 512 1971 7,
540 1927 660 1963 wofiir
686 1929 790 1962 sonst
815 1939 877 1972 ge—

131 1975 320 2010 wohnlich
365 1988 382 2011 e
418 1977 562 2021 reyione
599 1977 732 2019 gesagt
770 1975 874 2017 wird,

131 2035 157 2057 z.
191 2022 230 2056 B.
264 2023 330 2065 32,
363 2027 424 2065 23,
457 2028 478 2057 4
517 2035 534 2058 e
564 2024 706 2068 reyc'one
735 2027 877 2067 portae,

131 2082 221 2115 quae
251 2072 322 2113 sert
355 2070 561 2114 Sicyonem,
586 2074 787 2114 posuerunt
820 2081 876 2104 ecc-

131 2123 216 2152 stra.

180 2180 210 2211 9.
251 2177 483 2221 aliquantam
509 2176 672 2221 celerius]
705 2175 765 2210 cin
790 2176 876 2209 Acc.

132 2223 198 2258 der
207 2222 438 2257 raumlichen
448 2222 705 2267 Ausdehnung
716 2234 783 2257 vor
794 2223 878 2257 dem

134 2270 372 2315 Comparativ
393 2271 485 2304 statt
499 2270 563 2304 des
577 2270 661 2304 Abl.
677 2272 877 2314 aliquanto,

133 2317 203 2351 wie
235 2317 302 2359 40,
329 2322 390 2359 40,
425 2322 441 2351 1
475 2319 617 2353 meliore
649 2319 879 2363 aliquantum

132 2366 289 2399 militam
306 2375 431 2409 yewnere
449 2365 689 2409 (ιτῃεὺαητιινς
721 2364 795 2408 vgl.
817 2364 878 2406 44,

134 2416 165 2454 7,
188 2416 208 2446 6
235 2416 413 2455 quantum
433 2412 637 2454 procederet
659 2413 814 2457 low-qim,
841 2424 879 2446 eo

132 2460 303 2493 ‘maiorem
334 2459 498 2501 inopima
529 2459 694 2493 sentiens.
750 2458 879 2492 Dieser

133 2504 329 2540 Gebrauch
361 2504 412 2538 ist
444 2503 504 2538 bei
534 2504 612 2539 Liv.
640 2504 776 2547 selten,
814 2516 879 2539 vor

133 2552 212 2586 ihm
239 2563 278 2586 so
306 2553 374 2596 gut
400 2550 469 2585 wie
496 2551 601 2585 nicht
627 2551 852 2585 vorhanden.

183 2615 237 2645 10.
276 2611 587 2645 machinationi(m
615 2611 713 2644 omni
737 2612 878 2655 {seuere}

134 2658 202 2691 wir
242 2657 482 2701 umgekehr‘c:
532 2656 621 2690 ‘mit
663 2656 880 2690 Maschinvn

134 2705 227 2739 aller
252 2705 348 2738 Art'.

182 2775 223 2798 ea
238 2768 345 2808 parte
361 2793 366 2799 .
384 2791 389 2797 .
406 2764 661 2809 oppuywmmli]
683 2762 767 2796 weil
784 2762 878 2796 Han-

136 2810 237 2844 nibal
260 2810 339 2844 sich
360 2810 496 2844 darauf
513 2809 769 2844 besclufinken
791 2809 880 2852 will,

135 2869 176 2892 ea
196 2862 304 2902 parte
331 2860 388 2901 (=
412 2862 521 2902 terrai
550 2869 664 2892 arcem
694 2858 880 2892 eiremuse-

428 1496 541 1551 quod
574 1496 608 1537 si
642 1510 773 1537 naves
805 1496 909 1548 sint,
944 1495 1098 1549 quibus
1130 1498 1394 1538 commeatus
1426 1495 1570 1537 invehi
1600 1509 1695 1549 pro·
1726 1507 1767 1537 13

128 1553 289 1609 hibeat,
321 1555 534 1608 extemplo
569 1557 644 1596 aut
675 1555 950 1596 abscessuros
984 1557 1058 1595 aut
1089 1555 1308 1596 dedituros
1342 1569 1386 1596 se
1417 1554 1568 1596 hostis.

951 1683 1032 1716 (lere
1058 1684 1090 1725 (ἓ
1119 1684 1194 1726 17),
1222 1681 1255 1715 d.
1278 1681 1312 1716 h.
1335 1693 1398 1715 zur
1423 1683 1562 1717 obsidio
1583 1684 1615 1726 (ξ
1638 1683 1694 1726 11)

950 1741 992 1762 zu
1020 1728 1222 1770 schreiten3
1252 1729 1326 1773 vgl.
1355 1741 1397 1762 zu
1424 1733 1481 1773 38,
1510 1733 1563 1763 15.

1000 1780 1053 1810 11.
1123 1777 1306 1821 inminet]
1367 1776 1579 1820 ‘fiberragt,
1635 1775 1697 1809 be-

950 1823 1149 1857 he1·rscht’.
1172 1844 1214 1847 ——
1241 1824 1366 1867 fauces
1386 1827 1517 1867 portus
1544 1840 1586 1851 =
1613 1827 1632 1864 ἓ
1655 1827 1696 1857 19

950 1882 988 1904 os
1008 1874 1149 1914 portus.
1178 1874 1233 1910 30,
1263 1875 1281 1904 6
1309 1871 1438 1904 ostium
1458 1874 1597 1913 portus.

991 1918 1229 1962 propiusque]
1251 1916 1346 1950 auch
1368 1916 1432 1951 der
1454 1916 1595 1961 Superl.
1611 1927 1697 1961 pro·

949 1965 1045 1998 :cime
1058 1964 1134 2006 hat,
1156 1963 1224 1997 wie
1241 1965 1407 2008 propius,
1428 1963 1489 1997 bei
1503 1963 1581 1997 Liv.
1604 1964 1696 1997 stets

952 2010 1023 2045 (1611
1048 2011 1135 2045 Α66.
1163 2011 1259 2044 nach
1286 2011 1383 2053 sich,
1409 2010 1599 2055 hingegen
1626 2011 1697 2044 ste-

951 2058 1023 2091 hen
1050 2057 1110 2092 (116
1137 2058 1229 2091 dazu
1261 2057 1467 2102 gehorigen
1499 2057 1699 2102 Adjectiva

950 2105 1021 2139 mit
1052 2105 1137 2139 dem
1168 2104 1299 2147 Dativ,
1333 2104 1402 2139 wie
1436 2110 1455 2147 ξ
1486 2110 1540 2139 ⁶20.
1577 2110 1637 2147 14,
1665 2110 1696 2139 4.

952 2152 1046 2186 Dem
1078 2152 1269 2186 WVortlaut
1305 2152 1434 2196 obigcr
1467 2151 1516 2185 St.
1545 2151 1697 2186 ahnlich

953 2200 1037 2243 sagt
1059 2199 1098 2232 L.
1121 2200 1179 2242 21,
1209 2204 1238 2241 1,
1266 2204 1285 2234 2
1312 2204 1353 2234 ut
1373 2201 1530 2244 propius
1549 2201 1695 2244 periect-

953 2248 1025 2281 lum
1050 2248 1207 2290 fuerint,
1233 2248 1297 2292 ζμιὶ
1322 2248 1496 2282 vicerunt.

1003 2298 1055 2328 12.
1101 2295 1338 2338 principibus
1380 2294 1412 2328 T
1409 2294 1609 2339 arentzznis]
1653 2311 1697 2323 =

946 2342 1182 2386 μνιῗιιείρίόῑιε
1211 2342 1502 2375 Ἠινοηίιίιονιιηι.
1546 2340 1612 2373 Als
1633 2341 1698 2374 At-

952 2388 1071 2422 tribut
1097 2387 1189 2421 wird
1216 2390 1390 2432 princeps
1416 2399 1483 2421 nur
1510 2387 1629 2422 selten
1656 2399 1697 2420 zu

953 2435 1074 2469 einem
1095 2435 1216 2468 Subst.
1246 2434 1518 2478 hinzugesetzt3
1546 2434 1642 2468 (10611
1669 2446 1695 2468 s.

952 2482 1012 2524 38,
1037 2486 1069 2523 8,
1091 2486 1110 2515 2
1138 2482 1283 2516 Aetolos
1296 2483 1485 2525 principes
1505 2482 1695 2516 consuluit.

951 2528 1077 2572 Nepos
1104 2527 1181 2562 Att.
1211 2533 1269 2570 17,
1298 2534 1317 2562 3
1345 2529 1558 2572 principum
1578 2529 1696 2572 philo-

951 2576 1141 2620 sophorum
1162 2580 1367 2619 praecepta.
1415 2574 1488 2609 Cic.
1511 2575 1556 2608 de
1580 2574 1638 2609 off.
1663 2575 1698 2618 1,

955 2626 1021 2656 138
1048 2623 1202 2656 hominis
1228 2623 1397 2657 honorate?
1422 2627 1454 2657 et
1474 2623 1668 2666 principis.

1001 2670 1155 2714 eernere]
1179 2669 1274 2703 ohne
1294 2681 1346 2712 se,
1368 2668 1437 2702 wie
1459 2669 1514 2703 oft
1530 2669 1591 2703 bei
1606 2668 1696 2711 Liv.,

954 2715 1183 2750 namentlich
1209 2716 1307 2750 beim
1335 2716 1401 2750 lnf.
1430 2715 1509 2750 Fut.
1537 2715 1618 2750 Act.

996 2764 1205 2808 potiantur]
1243 2763 1336 2797 eben
1361 2774 1401 2797 so
1433 2767 1452 2805 ξ
1489 2767 1528 2797 17
1561 2763 1601 2796 111
1633 2763 1698 2797 (161·

956 2811 1163 2844 summ-ron
1196 2810 1417 2854 ssedeutung
1451 2809 1515 2843 ‘im
1551 2809 1695 2844 Besitzc

955 2867 1028 2891 von
1055 2859 1169 2891 etwas
1197 2856 1303 2891 sein’.

1074 802 1170 830 cum
1208 788 1295 829 iam
1327 788 1694 829 machinationum
1723 799 1764 830 10

1626 1553 1695 1594 ad·
1727 1567 1768 1598 14
