1882 3163
179 110 235 151 64
628 111 773 145 LIBER
798 110 948 147 XXIIII.
976 110 1076 147 CAP.
1104 116 1159 148 37.
1189 115 1244 147 38.

1533 128 1559 146 a.
1578 127 1606 145 u.
1631 128 1654 146 c.
1682 121 1737 147 541

130 230 149 261 7
177 234 265 261 non
298 218 411 260 servi
441 218 486 259 in
519 218 758 260 custodiam
790 219 939 261 traditi
971 222 1114 261 essent
1145 219 1362 260 Romanis.
1424 219 1567 273 itaque
1600 219 1740 261 claves

178 280 399 333 portarum
431 277 550 318 reddi
582 277 664 318 sibi
696 292 877 332 aequom
909 281 1102 319 censent:
1141 278 1266 319 bonis
1300 277 1427 319 sociis
1459 277 1588 318 fidem
1620 292 1741 319 suam

179 337 414 378 maximum
446 336 662 377 vinculum
695 351 804 390 esse,
837 340 879 378 et
909 338 971 379 ita
1003 337 1085 378 sibi
1116 337 1321 392 populum
1342 336 1585 378 Romanum
1619 351 1738 378 sena-

177 399 352 450 tumque
396 395 557 450 gratias
596 394 862 450 habiturum,
902 396 937 437 si
969 396 1159 438 volentes
1192 410 1241 436 ac
1272 410 1361 436 non
1394 396 1530 436 coacti
1561 396 1741 437 mansis-

129 465 149 496 8
179 457 274 496 sent
310 454 356 494 in
395 453 596 495 amicitia.
659 454 711 495 ad
750 470 799 496 ea
831 454 1052 496 Romanus
1092 470 1136 496 se
1168 455 1214 495 in
1245 454 1458 508 praesidio
1491 454 1742 508 impositum

177 528 269 554 esse
310 512 446 554 dicere
486 513 539 554 ab
582 513 841 567 imperatore
879 529 956 555 suo
1001 515 1224 567 clavesque
1264 516 1487 567 portarum
1526 516 1568 555 et
1606 515 1743 555 custo-

178 572 291 613 diam
324 572 433 613 arcis
467 572 519 612 ab
547 586 594 613 eo
628 573 862 627 accepisse,
894 588 1001 628 quae
1033 587 1111 614 nec
1144 587 1219 613 suo
1253 586 1331 613 nee
1350 571 1648 613 Hennensium
1675 587 1742 613 ar-

130 642 150 673 9
177 631 306 672 bitrio
351 630 546 684 haberet,
591 631 664 672 sed
702 632 791 672 eius
830 632 904 686 qui
937 631 1235 674 commisisset.
1297 631 1508 684 praesidio
1541 631 1740 672 decedere

179 690 292 744 apud
324 689 544 731 Romanos
583 690 739 743 capital
779 705 888 743 esse,
928 694 970 731 et
1007 705 1110 731 nece
1142 690 1373 731 liberorum
1406 690 1535 731 etiam
1568 704 1742 731 suorum

179 763 272 790 eam
304 750 473 790 noxiam
504 752 703 802 parentes
731 749 938 790 sanxisse.
988 749 1206 791 consulem
1226 749 1479 790 Marcellum
1504 748 1620 790 haud
1645 763 1742 803 pro-

177 808 245 849 cul
278 822 386 848 esse:
431 807 484 848 ad
516 822 611 848 eum
644 808 867 849 mitterent
897 808 1062 863 legatos
1072 841 1082 861 ,
1124 808 1244 849 cuius
1275 808 1379 848 iuris
1413 811 1541 862 atque
1573 807 1741 848 arbitrii

108 878 150 909 10
177 880 240 908 res
278 869 402 907 esset.
465 880 508 907 se
549 880 647 907 vero
687 880 845 921 negare
884 867 947 907 illi
979 867 1187 907 missuros
1237 867 1486 921 testarique,
1532 867 1568 907 si
1600 866 1740 908 verbis

176 925 284 966 nihil
330 927 526 980 agerent,
571 925 804 966 vindictam
849 925 1035 979 aliquam
1079 925 1288 965 libertatis
1329 940 1428 980 suae
1461 925 1740 979 quaesituros.

108 995 150 1026 11
177 987 269 1025 tum
293 983 508 1024 Pinarius:
542 986 586 1024 at
616 984 696 1037 illi,
731 984 767 1025 si
799 983 851 1025 ad
885 984 1104 1025 consulem
1137 987 1419 1038 gravarentur
1444 984 1626 1037 mittere,
1659 983 1741 1025 sibi

179 1043 330 1084 saltem
363 1042 512 1083 darent
544 1042 693 1096 populi
727 1043 972 1096 concilium,
1018 1045 1066 1083 ut
1099 1042 1293 1092 sciretur,
1333 1044 1478 1083 utrum
1508 1056 1741 1096 paucorum

180 1116 229 1142 ea
263 1101 528 1142 denuntiatio
563 1116 618 1142 an
650 1101 873 1143 universae
906 1101 1089 1144 civitatis
1122 1104 1245 1142 esset.
1296 1115 1503 1143 consensa
1527 1101 1573 1142 in
1599 1104 1741 1155 poste-

178 1175 273 1200 rum
306 1160 417 1200 diem
450 1160 604 1201 contio.

106 1219 162 1261 38
296 1218 533 1273 Postquam
566 1219 620 1260 ab
654 1233 702 1260 eo
736 1219 964 1274 conloquio
997 1219 1042 1259 in
1075 1233 1215 1259 arcem
1248 1232 1339 1259 sese
1371 1219 1549 1273 recepit,
1582 1233 1735 1260 convo-

178 1277 286 1319 catis
326 1277 412 1318 suis
453 1276 593 1319 ‘eredo
634 1292 714 1332 ego
748 1293 824 1319 vos
857 1278 1044 1328 audisse,
1089 1276 1463 1332 milites'‚i11quit‚
1508 1276 1652 1331 ‘quem
1687 1277 1739 1318 ad

177 1336 350 1377 modum
383 1336 600 1390 praesidia
631 1336 826 1378 Romana
862 1337 914 1378 ab
949 1336 1102 1378 Siculis
1136 1336 1426 1378 circumventa
1460 1338 1502 1377 et
1534 1350 1740 1390 oppressa

177 1463 300 1497 haben
325 1463 391 1498 das
418 1463 537 1497 Recht
562 1463 626 1497 der
647 1463 922 1499 Sclbstbestim-

178 1522 293 1554 mung
313 1510 404 1544 iiber
423 1510 519 1545 uns’.
557 1510 729 1545 Dieselbe
749 1511 835 1545 hort
849 1511 921 1554 auf,

995 1463 1161 1526 besitzen
1181 1463 1299 1507 sollte,
1321 1463 1424 1498 oder:
1454 1463 1532 1497 ‘um
1555 1462 1682 1498 beides
1697 1483 1740 1488 —

995 1523 1040 1545 ΖΠ
1067 1530 1110 1534 -·

176 1568 283 1591 wenn
310 1568 396 1590 man
422 1557 671 1591 unterworfen
698 1559 739 1592 in
764 1562 922 1602 potesta-

176 1607 244 1638 tem
275 1605 435 1638 alieuius
465 1604 646 1648 redigatur
675 1605 763 1639 oder
789 1606 831 1639 in
855 1616 922 1649 po-

178 1654 301 1684 testate
327 1652 373 1686 aZ.
401 1655 473 1692 θείς
498 1652 573 1695 vgl.
600 1663 643 1685 zu
672 1656 701 1694 1,
731 1656 760 1686 1.

223 1698 357 1731 traditi
381 1698 508 1743 essent]
536 1700 639 1742 passt
662 1698 730 1743 eig.
753 1711 822 1733 nur
841 1711 923 1733 zum

176 1744 315 1778 letzten
349 1746 443 1779 servi
473 1746 515 1779 in
546 1756 573 1779 e.
606 1746 680 1779 und
714 1757 752 1780 es
784 1746 922 1780 konnte

178 1791 293 1825 daher
325 1804 368 1825 zu
400 1792 461 1827 lib.
492 1793 534 1826 in
558 1802 584 1826 s.
619 1793 716 1827 etwa
746 1794 923 1827 venissent

176 1838 339 1882 gedacht
363 1839 530 1882 werden3
558 1838 746 1874 einfacher
768 1840 856 1875 aber
875 1839 923 1874 ist

177 1896 234 1928 66,
261 1885 320 1920 die
347 1886 489 1930 passive
513 1886 622 1920 Form
648 1886 697 1920 im
724 1887 922 1921 reflexiven

178 1931 289 1966 Sinne
316 1945 360 1966 zu
392 1934 566 1975 nehmen,
599 1933 668 1967 wie
695 1946 724 1968 z.
752 1934 789 1969 B.
818 1938 873 1977 36,
900 1937 922 1967 4

176 1989 317 2013 versam
350 1980 446 2023 (esse)
480 1980 554 2013 und
587 1982 689 2014 sonst
720 1981 790 2024 oft,
824 1994 851 2015 z.
881 1981 920 2017 B.

177 2036 270 2068 ganz
298 2027 532 2070 gewohnlich
558 2027 650 2061 dedi.

227 2077 256 2106 7.
284 2084 324 2115 p.
346 2072 391 2106 R.
417 2074 666 2119 senatumque]
699 2074 922 2118 ungewohn-

178 2118 276 2153 liohe
321 2119 509 2163 Stellung‚
557 2120 616 2154 bei
660 2121 819 2155 welcher
862 2121 921 2155 die

178 2165 309 2199 beiden
337 2167 441 2200 sonst
472 2167 578 2200 einen
599 2166 927 2211 Gesammtbegriff

179 2212 476 2246 bezeichnenden
519 2213 736 2248 Ausdrx'icke
781 2214 923 2249 einzeln

178 2258 310 2293 betont
334 2259 493 2293 werden.

225 2306 366 2350 qratias
390 2307 615 2352 habiturum]
646 2307 705 2340 die
726 2307 922 2342 classische

178 2353 293 2387 Prosa
335 2353 541 2397 gebraucht
585 2355 726 2398 yr-aticts
775 2356 921 2398 (yrates)

179 2410 300 2443 ayere,
330 2401 488 2444 qratiam
519 2401 648 2435 habere
674 2401 748 2435 und
778 2402 922 2443 referre,

179 2445 244 2480 der
264 2446 361 2480 Plur.
388 2448 529 2490 gratias
555 2447 614 2482 bei
639 2449 766 2482 habere
791 2460 860 2482 nur
885 2448 923 2482 in

178 2493 422 2537 Verbindung
447 2495 515 2528 mit
541 2506 644 2538 affere
665 2496 706 2538 (z.
727 2495 767 2528 B.
790 2495 849 2538 23,
867 2499 921 2539 11,

182 2543 223 2573 12
249 2544 368 2584 yrates
393 2541 468 2575 deis
492 2541 749 2576 inmortalibus
771 2543 832 2586 aqi
857 2543 919 2576 ha-

180 2586 346 2631 berique).
385 2587 459 2621 Der
482 2587 677 2622 Ausdruek
703 2600 749 2622 an
775 2600 923 2623 unserer

181 2632 295 2667 Stelle
321 2635 371 2668 ist
396 2634 474 2668 also
501 2635 713 2671 auffallend.

226 2680 281 2714 z'ta
310 2700 350 2704 -—
376 2681 425 2726 Si]
454 2693 479 2716 s.
508 2694 550 2715 zu
580 2686 632 2725 16,
662 2687 715 2716 13.

227 2730 259 2760 8.
285 2728 326 2761 in
351 2729 539 2770 praesidio
570 2730 792 2774 impositum]
827 2742 853 2764 s.
879 2742 922 2764 zu

183 2775 237 2816 19,
264 2776 295 2807 5.

209 2830 317 2870 ‘qaae
336 2821 492 2866 haberet]
515 2821 602 2866 eigi:
624 2822 778 2866 (beides)
791 2822 920 2867 Dinge,

181 2864 240 2899 die
267 2876 305 2899 er
330 2866 366 2900 in
392 2868 510 2902 seiner
529 2868 674 2903 Gewalt
700 2869 821 2904 haben
847 2870 922 2904 und

1044 1562 1075 1593 9.
1093 1558 1280 1601 praesidio
1294 1557 1471 1602 decedere]
1488 1557 1559 1601 vgl.
1577 1569 1620 1591 zu
1637 1561 1691 1600 14,
1707 1561 1738 1591 7.

1043 1605 1192 1638 arbitrii
1217 1615 1273 1638 res
1297 1604 1399 1649 esset]
1427 1605 1499 1647 vgl.
1528 1608 1584 1647 39,
1611 1608 1643 1637 2.

1045 1655 1099 1685 10.
1143 1651 1358 1696 vindictam]
1399 1651 1478 1685 hier
1515 1649 1639 1685 Mittel
1676 1663 1739 1684 zur

996 1698 1254 1742 Beschfitzung
1279 1709 1409 1742 weg-en
1434 1708 1613 1741 quaerere,
1639 1698 1740 1732 sonst

997 1746 1055 1779 die
1112 1745 1388 1789 Beschfitzung‚
1444 1744 1740 1789 Vertheidigung

996 1792 1122 1833 selbst,
1162 1804 1190 1827 z,
1224 1792 1264 1826 B.
1291 1791 1357 1835 34,
1384 1795 1447 1835 49,
1475 1796 1494 1825 3
1534 1792 1662 1826 civitas
1698 1792 1740 1826 in

994 1840 1078 1882 ipsa
1103 1839 1266 1873 vindicta
1293 1839 1470 1872 libertatis
1489 1839 1637 1882 peribit.

1044 1890 1098 1919 11.
1126 1889 1163 1919 at
1188 1886 1260 1931 illi]
1287 1887 1427 1919 mfisste
1447 1885 1531 1919 dem
1551 1884 1740 1929 sonstigen

997 1933 1326 1977 Sprachgebrauch
1353 1932 1417 1966 des
1437 1932 1475 1966 L.
1503 1936 1648 1976 gemass
1675 1943 1739 1967 vor

994 1981 1066 2014 sibi
1097 1982 1238 2022 saltem,
1271 1979 1348 2014 also
1383 1979 1506 2013 hinter
1536 1979 1620 2014 dem
1647 1979 1739 2014 Con-

995 2027 1237 2061 dicionalsatz
1257 2027 1401 2060 stehen:
1427 2027 1460 2060 si
1481 2046 1522 2050 -—
1543 2036 1738 2070 yravaren-

994 2078 1073 2115 tur,
1106 2085 1145 2108 so
1177 2073 1310 2108 sollten
1343 2072 1396 2106 sie
1427 2073 1552 2107 ‘doch’
1587 2072 1738 2116 (wenig—

995 2122 1108 2163 stens)
1129 2135 1185 2163 -3
1211 2120 1286 2164 vgl.
1312 2119 1346 2161 3,
1373 2124 1426 2161 17,
1448 2124 1467 2154 3
1491 2120 1528 2154 si
1552 2130 1613 2154 vos
1638 2120 1739 2153 urbis

993 2168 1099 2201 nulla
1123 2178 1213 2201 cara
1244 2168 1380 2210 tanyit,
1412 2170 1451 2200 at
1476 2176 1536 2200 vos
1566 2167 1739 2200 veremini

994 2215 1076 2248 deos
1100 2217 1241 2248 vestros.

1044 2264 1097 2294 11.
1130 2270 1302 2294 consensa
1327 2260 1459 2304 cont-io]
1488 2260 1621 2294 ebenso
1648 2259 1682 2303 8,
1707 2264 1738 2303 6,

995 2311 1015 2341 8
1048 2308 1225 2341 consensit
1260 2310 1407 2341 senatus
1440 2307 1578 2340 bellam.
1630 2306 1738 2341 Diese

994 2353 1236 2397 Verbindung
1248 2364 1318 2387 von
1330 2354 1527 2387 consentire
1538 2353 1608 2387 mit
1618 2353 1737 2387 einem

996 2400 1495 2445 Objectssubstantivum
1520 2400 1569 2434 ist
1594 2401 1678 2434 dem
1698 2400 1737 2435 L.

995 2447 1299 2492 eigenthsirnlich.
1349 2447 1554 2491 Uebrigens
1586 2449 1670 2491 sagt
1700 2458 1739 2482 er

995 2496 1098 2529 sonst
1116 2496 1313 2529 consentire
1339 2495 1387 2528 ad
1410 2495 1498 2528 oder
1517 2495 1558 2527 in
1583 2495 1735 2537 aliquid.

1042 2541 1105 2576 38.
1137 2546 1164 2575 1.
1194 2542 1238 2576 ab
1259 2552 1297 2576 eo
1317 2540 1551 2585 conloquio&
1568 2552 1612 2574 zu
1627 2544 1682 2583 22,
1706 2545 1736 2575 6.

1042 2589 1144 2622 eredo
1170 2599 1231 2632 690
1253 2588 1332 2633 vos]
1354 2588 1412 2622 ein
1428 2587 1607 2622 beliebter
1620 2586 1739 2621 Rede-

994 2635 1133 2679 anfang
1160 2635 1221 2669 bei
1245 2635 1298 2679 L„
1324 2635 1393 2669 wie
1419 2634 1479 2678 21,
1506 2638 1561 2676 21,
1589 2638 1608 2668 3
1635 2634 1738 2669 eredo

994 2693 1055 2726 690
1070 2693 1141 2725 vos,
1167 2683 1298 2726 inquit,
1324 2682 1422 2724 socii,
1444 2685 1477 2715 et
1489 2681 1585 2724 ipsos
1599 2691 1739 2715 eernere

996 2729 1104 2771 (auch
1131 2728 1203 2764 Cic.
1234 2728 1390 2772 beginnt
1420 2727 1518 2762 seine
1544 2727 1645 2762 Rede
1671 2738 1739 2771 pro

995 2776 1075 2811 Sex.
1113 2776 1216 2810 Rosc.
1253 2775 1374 2810 Amet.
1413 2774 1497 2808 mit:
1537 2775 1639 2808 eredo
1676 2785 1737 2819 690

994 2833 1065 2866 voe,
1079 2823 1226 2866 iudices,
1241 2822 1401 2865 mirari);
1421 2821 1555 2855 andere
1567 2820 1737 2865 Anfange

996 2869 1078 2904 sind
1095 2869 1168 2903 seio
1186 2879 1257 2913 690,
1279 2879 1382 2911 saepe
1396 2879 1467 2912 690,
1482 2869 1556 2902 iam
1569 2878 1629 2913 690
1648 2880 1683 2903 u.
1703 2879 1735 2902 a.
