1882 3163
120 123 146 142 a.
169 115 236 142 chr.
257 122 286 141 n.
308 115 368 141 212.
600 102 744 139 LIBER
769 103 881 139 XXV.
921 102 1022 138 CAP.
1049 107 1104 139 30.
1131 106 1188 137 31.
1621 101 1676 143 63

118 202 284 245 Nasum
311 215 458 257 cepere
490 201 702 242 desertam
732 200 1019 254 trepidatione
1052 201 1094 240 et
1124 198 1229 254 fuga
1255 198 1492 240 custodum.
1541 211 1677 252 neque
1705 208 1746 238 11

118 263 164 305 in
195 262 294 303 ullis
332 261 471 302 minus
508 259 710 314 praesidii
749 263 822 300 aut
858 258 1116 313 pertinaciae
1156 259 1208 299 ad
1248 257 1508 299 manendum
1550 271 1678 312 quam

118 322 164 363 in
189 320 425 376 transfugis
451 319 543 373 fuit,
577 319 676 374 quia
706 332 758 359 ne
791 318 879 359 suis
913 318 1082 373 quidem
1115 317 1220 359 satis
1249 317 1467 358 credentes
1495 330 1516 357 e
1537 315 1676 357 medio

119 381 350 422 certamine
388 378 637 434 effugerunt.
697 376 929 418 Marcellus
964 379 1011 418 ut
1043 380 1215 431 captam
1248 390 1339 418 esse
1370 374 1537 417 Nasum
1574 389 1678 417 com-
1706 386 1748 416 12

113 440 224 493 perit
260 441 302 480 et
339 437 607 480 Achradinae
644 436 862 491 regionem
901 450 1032 477 unam
1072 435 1210 477 teneri
1239 434 1557 489 Moericumque
1588 447 1680 477 cnm

119 497 331 553 praesidio
365 497 451 539 suis
485 496 742 550 adiunctum,
773 495 962 549 receptui
994 494 1159 548 cecinit,
1190 508 1240 536 ne
1265 495 1408 550 regiae
1435 508 1553 549 opes,
1580 508 1679 548 qua-

120 572 214 599 rum
245 557 363 598 fama
394 555 532 598 maior
563 569 690 609 quam
720 568 789 595 res
823 556 926 607 erat,
958 553 1255 607 diriperentur.

239 615 475 671 Suppresso
506 614 670 669 impetu
701 613 888 654 militum
919 614 967 654 ut
998 612 1063 666 iis,
1096 613 1169 667 qui
1199 612 1245 653 in
1270 611 1516 653 Achradina
1542 611 1747 667 erant,31

120 675 360 730 transfugis
393 674 579 729 spatium
610 673 813 727 locusque
845 671 972 727 fugae
1011 671 1135 713 datus
1176 674 1257 726 est,
1297 670 1557 725 Syracusani
1588 674 1679 712 tan·
1707 682 1726 711 2

121 734 217 776 dem
248 734 372 776 liberi
409 736 526 774 metu
565 732 701 786 portis
739 731 1009 773 Achradinae
1048 730 1208 785 apertis
1249 733 1439 772 oratores
1479 730 1532 771 ad
1568 730 1680 771 Mar-

122 794 276 836 cellum
314 793 489 834 mittunt
526 791 635 833 nihil
671 791 857 845 petentis
901 790 1015 832 aliud
1054 804 1182 844 quam
1221 789 1561 832 incolumitatem
1600 789 1681 831 sibi

120 853 350 907 liberisque
383 851 481 893 suis.
535 850 764 892 Marcellus
798 849 975 892 consilio
1008 849 1213 891 advocato
1247 851 1289 890 et
1315 848 1517 890 adhibitis
1544 849 1676 890 etiam
1704 860 1723 889 3

122 911 417 966 Syracusanis,
449 910 521 965 qui
553 924 627 964 per
659 909 889 951 seditiones
920 908 1035 963 pulsi
1068 909 1120 950 ab
1154 909 1278 950 domo
1321 908 1436 949 intra
1467 907 1682 962 praesidia

121 971 316 1013 Romana
346 969 534 1023 fuerant,
565 968 787 1023 respondit
817 983 906 1010 non
935 969 1060 1022 plura
1090 982 1167 1022 per
1199 982 1335 1009 annos
1370 967 1682 1022 quinquaginta
1708 977 1729 1007 4

123 1029 350 1072 benefacta
374 1028 577 1070 Hieronis
611 1042 738 1082 quam
769 1027 915 1082 paucis
942 1027 1010 1068 his
1038 1027 1163 1068 annis
1189 1026 1401 1068 maleficia
1427 1041 1586 1080 eorum,
1611 1026 1683 1080 qui

126 1087 358 1143 Syracusas
390 1087 617 1141 tenuerint,
649 1101 750 1142 erga
782 1086 988 1141 populum
1019 1085 1260 1128 Romanum
1293 1100 1396 1128 esse.
1447 1085 1520 1126 sed
1550 1085 1683 1140 plera-

124 1162 204 1203 que
244 1162 409 1201 eorum,
449 1161 532 1202 quo
574 1146 815 1200 debuerint,
856 1145 1077 1200 recidisse,
1116 1145 1419 1200 foederumque
1460 1147 1683 1199 ruptorum

122 1208 240 1262 ipsos
274 1207 326 1248 ab
360 1221 404 1248 se
435 1205 654 1261 graviores
686 1205 820 1246 multo
859 1219 986 1260 quam
1024 1205 1206 1259 populus
1245 1204 1463 1246 Romanus
1500 1203 1685 1246 voluerit

124 1280 284 1322 poenas
319 1265 522 1321 exegisse.
585 1279 628 1306 se
662 1264 831 1319 quidem
862 1264 1038 1306 tertium
1069 1278 1229 1305 annum
1268 1263 1572 1306 circumsedere
1605 1261 1682 1316 Sy·
1711 1274 1730 1305 5

123 1339 315 1379 racusas,
353 1339 441 1366 non
478 1326 526 1365 ut
561 1324 745 1378 populus
778 1323 995 1365 Romanus
1034 1337 1201 1365 servam
1239 1323 1456 1365 civitatem
1493 1322 1683 1376 haberet,

126 1385 199 1427 sed
230 1399 283 1425 ne
309 1383 632 1439 transfugarum
658 1383 1066 1437 alienigenarumque
1091 1382 1218 1424 duces
1245 1384 1415 1437 captam
1444 1384 1486 1423 et
1513 1395 1684 1436 oppres-

126 1459 217 1486 sam
248 1445 454 1485 tenerent.
515 1442 616 1497 quid
647 1442 868 1496 potuerint
901 1440 1156 1496 Syracusani
1192 1442 1351 1496 facere,
1391 1440 1583 1495 exemplo
1616 1439 1683 1482 vel
1711 1451 1730 1482 6

125 1518 198 1545 eos
230 1517 321 1544 esse
355 1500 742 1556 Syracusanorum,
778 1501 850 1556 qui
888 1501 1002 1542 intra
1041 1500 1256 1555 praesidia
1287 1500 1483 1543 Romana
1513 1499 1684 1553 fuerint,

124 1563 192 1604 vel
223 1561 468 1616 Hispanum
500 1561 648 1602 ducem
680 1560 928 1613 Moericum,
960 1560 1032 1614 qui
1063 1560 1323 1614 praesidium
1348 1559 1585 1613 tradiderit,
1616 1558 1685 1599 vel

124 1622 316 1676 ipsorum
337 1619 705 1675 Syracusanorum
731 1621 948 1674 postremo
975 1633 1115 1660 serum
1142 1619 1324 1674 quidem,
1351 1618 1424 1660 sed
1450 1618 1561 1661 forte
1588 1632 1685 1659 con-

127 1681 282 1722 silium.
353 1679 434 1721 sibi
475 1679 665 1721 omnium
709 1679 906 1720 laborum
949 1679 1316 1733 periculorumque
1360 1678 1471 1719 circa
1514 1676 1684 1719 moenia
1712 1690 1730 1721 7

127 1738 400 1794 Syracusana
437 1741 551 1779 terra
587 1738 778 1792 marique
818 1740 910 1779 tam
953 1737 1022 1779 diu
1068 1737 1371 1779 exhaustorum
1414 1750 1686 1791 nequaquam

127 1801 298 1840 tantum
329 1797 513 1839 fructum
546 1811 649 1851 esse,
681 1797 794 1852 quod
820 1811 970 1851 capere
998 1795 1227 1851 Syracusas
1252 1797 1443 1850 potnerit,
1475 1799 1686 1850 quantam,

175 1926 414 1970 trepidatione
439 1929 470 1959 et
495 1925 601 1971 faya]
630 1936 656 1959 s.
685 1936 726 1958 zu
753 1929 808 1967 29,
835 1929 867 1959 3.

177 1978 230 2008 11.
258 1973 307 2008 cal
325 1973 559 2018 manendam]
587 1972 720 2016 gehort
739 1983 806 2006 nur
827 1983 869 2006 zu

122 2021 349 2065 pertinaciae
368 2019 443 2054 und
464 2019 514 2053 ist
534 2031 576 2053 zu
591 2019 730 2054 diesem
747 2018 867 2053 Subst.

128 2067 397 2112 hinzugesetzt,
435 2067 505 2101 wic
537 2068 586 2102 acl
617 2066 672 2100 oft
703 2066 763 2100 bei
795 2066 868 2100 Ad-

988 1929 1020 1959 2.
1042 1925 1212 1970 petentis]
1240 1936 1266 1958 s.
1295 1936 1337 1958 zu
1365 1928 1421 1967 13,
1444 1928 1475 1959 2.
1527 1923 1599 1957 Fur
1625 1922 1684 1958 die

942 1971 1151 2016 Erhaltung
1165 1972 1230 2006 der
1242 1971 1351 2006 Stadt
1365 1982 1496 2016 wagen
1509 1970 1561 2005 sie
1576 1970 1685 2005 keine

942 2018 1070 2054 Bitten
1094 2019 1200 2053 mehr
1225 2031 1268 2053 zu
1293 2022 1456 2054 ausser-n.

989 2071 1021 2103 3.
1067 2068 1111 2102 ab
1140 2067 1257 2112 domo]
1292 2068 1376 2111 sagt
1407 2066 1485 2102 Liv.
1520 2065 1613 2100 eben
1645 2075 1685 2100 so

123 2114 290 2160 jectiven
324 2115 439 2156 steht,
473 2114 547 2159 vgl.
581 2126 623 2147 zu
650 2119 687 2156 6,
714 2118 769 2149 23.
821 2114 868 2147 So

128 2163 213 2207 sagt
242 2161 322 2197 Liv.
355 2163 419 2205 29,
450 2166 485 2203 1,
514 2166 556 2196 17
583 2163 789 2206 pertinaces
821 2162 870 2196 acl

127 2210 357 2245 obtinendam
386 2210 580 2251 inimicam
613 2208 783 2243 daneben
808 2208 869 2251 29,

128 2261 190 2300 33,
218 2261 237 2292 7
258 2257 484 2302 pertinacior
509 2257 550 2291 in
574 2257 820 2302 repuynanclo.

175 2305 278 2350 qnia]
299 2305 434 2348 gehort
453 2304 536 2338 dem
554 2303 667 2338 Sinne
686 2303 782 2337 nach
802 2315 870 2337 nur

129 2362 171 2384 zu
198 2350 282 2385 dem
306 2350 568 2395 Participium;
596 2350 710 2385 daher
729 2350 779 2385 ist
798 2361 869 2386 cre-

129 2398 249 2433 dentes
284 2397 496 2432 aufzulosen
534 2399 722 2433 eredebant
759 2402 791 2433 et
828 2399 870 2433 ob

130 2456 207 2481 eam
232 2456 379 2480 causam
399 2472 405 2478 .
428 2473 434 2479 .
458 2471 464 2477 .

180 2497 233 2526 12.
254 2494 431 2538 ¹reqionem
444 2493 571 2537 unam]
587 2492 652 2525 dci·
666 2491 870 2526 siidlichstc

130 2539 238 2574 Tbeil
271 2540 336 2573 der
367 2538 597 2579 Achradina,
637 2538 674 2572 in
707 2538 778 2573 den
810 2538 870 2573 die

130 2586 266 2622 Romer
309 2586 398 2620 iiber
436 2586 506 2620 den
544 2586 703 2620 Isthmus
748 2585 870 2629 einge-

132 2634 299 2679 drungcn
326 2644 458 2668 waren.

178 2683 248 2728 res]
278 2681 358 2715 ‘dcr
383 2680 576 2715 wirkliche
602 2680 794 2714 Bestand’.

134 2775 156 2809 d
179 2729 239 2773 31,
257 2734 285 2764 1.
311 2740 500 2773 suppresso
519 2728 668 2774 impeta]
692 2727 872 2761 ‘dadurch

159 2786 217 2809 ass
242 2804 249 2810 .
271 2777 307 2811 .’.

179 2823 352 2869 spatium]
381 2824 454 2868 vgl.
483 2822 542 2865 24,
570 2827 624 2865 22,
649 2827 690 2857 10
715 2824 874 2867 spatium

133 2875 282 2906 sumeret
307 2873 355 2906 ad
375 2872 652 2907 consultandam
672 2871 716 2905 ab
737 2871 872 2916 lassatis.

942 2114 1068 2159 haufig
1094 2114 1149 2148 als
1175 2115 1297 2158 domo,·
1323 2113 1396 2159 vgl.
1424 2126 1466 2148 zu
1493 2117 1548 2156 22,
1576 2117 1607 2148 6.

989 2163 1089 2196 intra
1108 2173 1167 2206 pr.
1195 2161 1259 2207 R.]
1289 2173 1314 2195 s.
1343 2173 1385 2195 zu
1411 2165 1467 2204 24,
1496 2165 1550 2195 15.

990 2214 1020 2245 4.
1050 2221 1118 2254 per
1143 2220 1258 2244 minos
1283 2208 1566 2254 quinquaqinta]
1595 2220 1621 2242 s.
1643 2219 1685 2241 zu

944 2260 975 2299 9,
1003 2262 1034 2292 2.

991 2308 1023 2339 5.
1056 2304 1182 2350 multo]
1215 2303 1321 2337 nicht
1355 2303 1472 2338 selten
1501 2302 1539 2336 in
1565 2301 1686 2336 dieser

943 2350 1069 2385 Weise
1113 2351 1197 2385 dem
1243 2350 1368 2395 Comp.
1420 2349 1684 2393 nachgestellt,

945 2398 1037 2433 eben
1052 2409 1092 2433 so
1107 2399 1308 2443 aliquanto,
1329 2409 1355 2430 z.
1372 2397 1411 2431 B.
1428 2401 1482 2439 23,
1499 2401 1553 2430 12.
1575 2400 1630 2437 29,
1647 2401 1683 2439 7;

945 2458 971 2480 s.
1000 2457 1041 2479 zu
1069 2450 1099 2488 7,
1126 2449 1157 2480 8.
1204 2444 1250 2478 So
1273 2444 1367 2479 auch
1392 2444 1453 2478 bei
1481 2443 1567 2486 Cic„
1594 2455 1620 2477 Z.
1643 2443 1683 2479 B.

945 2493 989 2526 de
1018 2503 1067 2527 or.
1095 2493 1129 2533 2,
1159 2496 1224 2527 178
1245 2493 1360 2536 plura
1385 2493 1479 2526 enim
1503 2491 1624 2525 multo.

985 2550 1123 2584 poenas
1137 2539 1305 2584 eaeeyisse]
1325 2538 1418 2573 eben
1433 2549 1472 2572 so
1493 2537 1553 2581 45,
1571 2542 1624 2579 19,
1642 2541 1684 2572 16

944 2588 1016 2621 (liis
1041 2587 1264 2632 exigentibus
1284 2597 1439 2630 poenas,
1473 2584 1617 2619 Cicero:
1644 2595 1684 2629 p.

943 2638 1096 2678 repetere
1120 2646 1162 2677 a;
1187 2634 1260 2677 vgl.
1290 2638 1346 2677 30,
1375 2638 1390 2667 1
1419 2636 1577 2677 eoepetere
1601 2643 1636 2676 p.

994 2685 1023 2716 6.
1057 2681 1300 2726 praesidium]
1327 2680 1408 2714 hier
1432 2680 1496 2713 der
1521 2679 1684 2713 bcsetzte

945 2727 1083 2770 Punkt,
1105 2727 1178 2772 vgl.
1200 2728 1234 2770 2,
1256 2732 1311 2770 50,
1328 2732 1368 2762 11
1392 2729 1485 2762 caesi
1504 2728 1552 2762 ad
1572 2738 1685 2761 unam

946 2787 1062 2811 omnes
1083 2777 1377 2820 praesidizmzque
1401 2778 1655 2855 eaepafqnatam.

995 2827 1024 2857 7.
1051 2824 1209 2866 fractam
1230 2823 1315 2867 esse]
1346 2822 1464 2856 ‘Lohn
1508 2822 1581 2864 fir’3
1610 2820 1682 2863 vgl.

946 2870 1011 2912 27,
1046 2875 1107 2913 21,
1141 2875 1160 2904 3
1193 2871 1319 2905 habere
1350 2871 1509 2913 fractam
1544 2869 1685 2913 imperii
