1882 3163
167 108 194 126 a.
217 100 268 127 Ch.
289 100 349 126 216.

679 89 824 124 LIBER
851 88 981 125 XXIII.
1035 89 1136 124 CAP.
1167 92 1222 124 19.
1679 86 1734 128 39

166 199 404 241 tolerantes
436 198 595 239 famem
628 197 876 250 constabat,
924 199 966 238 et
1005 199 1118 239 stare
1156 197 1340 238 inermes
1379 197 1423 237 in
1455 195 1590 237 muris
1621 195 1737 237 nuda

167 272 350 312 corpora
377 257 430 299 ad
456 256 684 298 missilium
704 256 889 297 telorum
910 256 1020 297 ictus
1040 256 1309 310 praebentes.
1348 269 1397 297 ea
1417 268 1543 310 aegre
1564 254 1734 309 patiens
1757 265 1775 295 7

167 316 399 371 Gracchus,
432 331 527 357 cum
558 329 694 369 neque
726 329 917 370 pugnam
950 329 1171 356 conserere
1205 315 1431 356 dictatoris
1463 314 1630 355 iniussu
1662 328 1734 356 au-

168 376 288 417 deret
322 400 372 405 —-
407 374 687 430 pugnandum
721 376 866 415 autem
899 387 1010 427 esse,
1049 374 1085 414 si
1122 374 1268 428 palam
1300 373 1564 414 frumentum
1595 373 1734 427 inpor-

164 437 290 489 taret,
322 434 495 476 videbat
530 458 579 463 —
615 447 751 487 neque
790 433 900 474 clam
936 432 1187 486 inportandi
1227 447 1322 486 spes
1363 436 1494 485 esset,
1538 432 1649 473 farre
1683 442 1776 474 ex8

166 495 280 549 agris
322 494 434 535 circa
472 492 658 546 undique
697 494 902 533 convecto
942 505 1037 533 cum
1076 491 1281 545 conplura
1324 491 1437 532 dolia
1482 492 1734 545 conplesset,

164 553 364 594 nuntium
396 552 449 593 ad
481 552 785 606 magistratum
819 549 1055 592 Casilinum
1087 550 1217 604 misit,
1249 553 1298 591 ut
1331 550 1576 603 exciperent
1607 550 1732 604 dolia,

163 626 271 667 quae
298 611 437 652 amnis
459 610 654 651 deferret.
686 610 929 664 insequenti
948 612 1073 651 nocte
1093 609 1270 650 intentis
1292 609 1491 650 omnibus
1512 609 1556 650 in
1576 609 1735 650 flumen
1755 620 1774 651 9

163 685 210 713 ac
244 684 363 724 spem
397 670 450 711 ab
483 669 638 710 nuntio
670 668 866 710 Romano
899 669 1060 710 factam
1105 668 1219 710 dolia
1263 668 1404 709 medio
1442 668 1576 709 missa
1616 668 1732 710 amni

161 729 446 780 defluxerunt,
482 728 801 783 aequaliterque
833 729 945 768 inter
978 742 1124 769 omnes
1150 727 1415 769 frumentum
1442 727 1638 768 divisum.
1688 727 1732 768 id
1750 738 1792 769 10

159 791 332 843 postero
366 801 534 843 quoque
567 787 633 828 die
668 801 716 828 ac
747 787 876 829 tertio
908 787 1071 828 factum
1104 789 1187 828 est:
1219 789 1346 828 nocte
1374 789 1416 827 et
1448 786 1730 827 mittebantur

159 850 202 889 et
222 847 546 902 perveniebant3
575 861 624 888 eo
647 846 864 888 custodias
884 846 1075 888 hostium
1096 846 1317 887 fallebant.
1349 845 1559 886 imbribus
1580 845 1730 886 deinde
1747 856 1789 886 11

163 907 379 949 continuis
414 906 586 948 citatior
619 906 747 947 solito
781 906 919 946 amnis
952 908 1199 946 transverso
1232 905 1393 946 vertice
1426 904 1540 946 dolia
1571 904 1733 958 inpulit

162 966 214 1007 ad
246 966 398 1020 ripam,
431 979 559 1020 quam
590 964 739 1006 hostes
772 964 1013 1006 servabant.
1063 964 1125 1005 ibi
1163 964 1388 1005 haerentia
1426 963 1540 1004 inter
1573 963 1734 1004 obnata

159 1025 264 1080 ripis
287 1025 438 1066 salicta
458 1024 793 1078 conspiciuntur,
812 1024 1141 1077 nuntiatumque
1162 1022 1398 1064 Hannibali
1419 1025 1496 1077 est,
1517 1024 1560 1063 et
1580 1022 1732 1064 deinde

161 1084 393 1125 intentiore
421 1083 614 1125 custodia
640 1085 824 1137 cautum,
857 1097 911 1124 ne
938 1082 1038 1137 quid
1064 1082 1234 1124 falleret
1259 1081 1473 1123 Volturno
1502 1082 1555 1122 ad
1581 1081 1732 1123 urbem

160 1143 352 1184 missum.
401 1156 530 1183 nuces
568 1145 716 1183 tamen
755 1142 876 1183 fusae
923 1142 975 1183 ab
1014 1141 1222 1183 Romanis
1262 1141 1413 1183 castris
1453 1155 1549 1182 cum
1591 1140 1732 1182 medio
1749 1151 1791 1182 12

162 1202 278 1243 amni
306 1201 357 1242 ad
385 1200 624 1243 Casilinum
646 1200 892 1254 defluerent,
919 1201 1108 1242 cratibus
1131 1200 1466 1254 excipiebantur.
1511 1202 1730 1254 postremo
1747 1211 1789 1242 13

162 1261 214 1302 ad
246 1261 289 1301 id
321 1264 495 1302 ventum
528 1260 696 1314 inopiae
730 1262 812 1313 est,
857 1262 905 1301 ut
943 1260 1035 1301 lora
1075 1260 1373 1313 detractasque
1413 1259 1546 1300 scutis
1585 1259 1732 1313 pelles,

162 1319 233 1361 ubi
264 1319 427 1361 fervida
459 1320 702 1361 mollissent
735 1334 857 1373 aqua,
890 1318 1092 1360 mandere
1126 1321 1385 1360 conarentur
1423 1332 1500 1359 nec
1532 1318 1729 1359 muribus

159 1379 296 1420 aliove
324 1379 500 1420 animali
528 1378 796 1419 abstinerent
824 1381 865 1419 et
892 1393 1017 1420 omne
1038 1378 1270 1419 herbarum
1290 1377 1565 1432 radicumque
1593 1390 1729 1432 genus

160 1437 389 1493 aggeribus
434 1438 593 1479 infimis
638 1438 749 1478 muri
794 1440 1003 1479 eruerent.
1055 1440 1097 1478 et
1141 1451 1237 1478 cum
1281 1436 1428 1478 hostes
1474 1437 1731 1478 obarassent
1747 1447 1790 1478 14

157 1576 231 1600 von
260 1565 332 1600 den
357 1565 523 1600 Feinden
553 1566 699 1610 getotet
736 1577 780 1599 zu
811 1574 903 1600 wer·

158 1612 246 1656 den3
279 1612 354 1658 vgl.
382 1612 469 1648 Sall.
496 1613 575 1658 lug.
604 1617 659 1656 41,
688 1617 708 1647 9
742 1613 903 1647 avaritia

156 1664 261 1695 semet
291 1662 375 1705 ipsa
409 1661 680 1705 praecipitavit.
716 1681 759 1685 --
791 1659 902 1705 stare]

158 1718 232 1753 erg.
255 1708 356 1742 alios.
380 1728 421 1733 —
448 1708 565 1753 nmla]
593 1706 662 1742 Die
682 1707 904 1751 Bedeutung

158 1755 303 1799 ergiebt
329 1754 408 1789 sich
435 1766 500 1789 aus
525 1756 688 1790 inermes.

205 1805 236 1836 8.
284 1802 462 1847 magistr]
505 1801 797 1837 wahrcheinlich
838 1801 904 1836 der

158 1849 303 1884 oberste
323 1848 533 1893 Magistrat,
560 1849 722 1883 welcher
741 1848 820 1883 also
840 1847 903 1883 bei

157 1896 222 1930 der
241 1895 571 1940 Niedermetzlung
591 1896 690 1930 eines
703 1895 824 1930 Teiles
839 1895 903 1930 der

159 1943 384 1977 Einwohner
414 1943 614 1977 verschont
639 1943 789 1977 worden
814 1953 901 1986 war,

157 1990 261 2024 nicht
286 1990 351 2024 der
377 1993 396 2031 ἓ
420 1994 460 2024 17
484 1990 672 2024 erwiihnte
693 1990 835 2024 Prator.
857 2010 900 2014 —

161 2037 379 2081 Casilinum]
406 2037 486 2071 hier
506 2036 606 2071 wohl
626 2048 711 2072 vom
732 2037 814 2082 Adj.
833 2036 900 2072 Ca-

156 2085 302 2128 silinns,
323 2084 388 2119 das
410 2083 489 2118 sich
511 2086 613 2119 sonst
628 2085 687 2119 bei
702 2084 780 2119 Liv.
797 2084 901 2118 nicht

155 2131 280 2166 findet.
326 2152 370 2156 —
414 2131 528 2177 misit]
573 2130 796 2166 vermutlich
842 2131 908 2166 auf

157 2178 276 2214 einem
304 2178 434 2213 Kahne
461 2191 496 2214 u.
526 2178 583 2213 bei
615 2178 807 2214 Einbruch
840 2178 904 2213 der

155 2226 289 2261 Nacht.

205 2277 237 2308 9.
264 2273 504 2318 frumentum]
531 2273 660 2316 farina
686 2271 841 2307 Frontin
868 2276 901 2316 3,

158 2324 212 2363 14,
234 2324 271 2362 23
299 2316 441 2363 ἄλευρα
468 2320 596 2354 Zonar.

203 2382 257 2412 10.
303 2378 376 2423 die]
421 2377 491 2411 Am
518 2378 622 2423 Tage
653 2378 805 2413 wurden
840 2379 899 2413 die

155 2424 286 2460 Fasser
299 2425 522 2467 zubereitet3
550 2426 643 2460 doch
659 2425 729 2460 soll
743 2426 800 2460 die
820 2426 900 2460 hier

156 2472 260 2507 nicht
286 2472 393 2507 einen
421 2473 550 2517 Gegsz.
572 2484 615 2506 zu
640 2476 740 2507 nocte
761 2473 898 2515 bilden,

156 2520 315 2554 sondern
342 2519 510 2554 dasselbc
537 2519 574 2553 in
595 2519 673 2554 sich
695 2519 897 2564 begreifen.

156 2587 199 2591 —
222 2567 383 2612 pernen]
413 2567 574 2609 „kamen
600 2569 683 2609 an“,
711 2570 767 2609 22,
790 2570 844 2609 18,
866 2570 897 2601 2.

204 2629 257 2659 11.
298 2626 346 2660 ad
372 2625 509 2671 ripam]
537 2624 608 2658 Um
634 2625 693 2659 die
722 2625 830 2659 Stadt
855 2637 898 2659 zu

154 2672 349 2717 belagern,
387 2672 521 2707 musste
555 2673 615 2706 die
642 2671 897 2716 Hauptmacht

155 2719 220 2754 der
258 2719 397 2754 Feinde
442 2719 508 2754 auf
549 2719 633 2753 (lem
678 2718 897 2753 nordlichen

155 2765 244 2801 Ufer
267 2766 407 2811 liegen;
436 2766 531 2802 doch
551 2765 755 2800 unterhielt
780 2767 894 2800 Hann.

150 2811 352 2856 jedenfalls
384 2814 474 2848 iiber
506 2814 576 2848 den
603 2812 703 2847 Fluss
738 2812 896 2847 hintiber

155 2859 235 2894 eine
260 2859 502 2906 Verbindung
526 2861 596 2896 mit
622 2860 758 2905 Capua.

1027 1564 1179 1610 obnata]
1202 1564 1302 1599 wohl
1322 1575 1387 1599 aus
1407 1564 1472 1599 der
1493 1563 1623 1605 Quelle
1644 1564 1727 1598 her-

978 1611 1310 1657 u'bergenommen‚
1363 1612 1424 1646 ein
1474 1623 1568 1656 ganz
1615 1622 1729 1656 unge—

977 1659 1238 1694 br'auchliches
1254 1659 1373 1701 Wort,
1395 1659 1532 1694 ebenso
1551 1662 1570 1701 ξ
1583 1662 1627 1692 14
1644 1659 1728 1693 oba-

977 1718 1072 1742 rare.
1110 1727 1156 1732 -—
1193 1706 1303 1752 ripis]
1337 1706 1420 1741 Abl.
1448 1706 1522 1741 loci
1555 1705 1650 1741 ohne
1676 1707 1728 1748 in,

979 1754 1196 1789 auffallend.

1025 1802 1207 1846 custodia]
1253 1800 1351 1835 nach
1389 1800 1545 1834 Frontin
1571 1804 1603 1843 3,
1629 1803 1683 1843 14,
1704 1803 1724 1834 2

977 1848 1113 1883 obieeta
1136 1860 1202 1892 per
1228 1848 1384 1882 medium
1412 1858 1551 1882 amnem
1588 1849 1728 1889 eatena,

976 1894 1073 1929 nach
1116 1895 1245 1929 Zonar.
1304 1891 1466 1929 ἁλύσεσι.
1536 1894 1728 1929 Letzterer

975 1941 1081 1986 giebt
1120 1942 1215 1976 auch
1256 1953 1320 1986 an,
1360 1942 1424 1977 der
1460 1941 1607 1976 siidlich
1641 1952 1728 1976 vom

975 1989 1105 2024 Flusse
1132 1990 1311 2034 gelegene
1339 1989 1421 2024 Teil
1448 1989 1513 2023 der
1535 1988 1644 2023 Stadt
1671 1989 1725 2023 sei

975 2038 1051 2071 erst
1089 2036 1184 2081 jetzt
1221 2047 1294 2071 von
1344 2036 1416 2071 den
1462 2035 1725 2081 Verteidigern

975 2083 1208 2129 aufgegeben
1245 2083 1321 2118 und
1354 2084 1413 2118 die
1451 2083 1560 2118 beide
1601 2083 1724 2118 Stadt-

978 2131 1066 2165 teile
1082 2130 1332 2166 verbindende
1348 2131 1491 2165 Briicke
1508 2131 1724 2176 abgerissen

977 2178 1138 2214 worden.

1027 2229 1080 2260 12.
1107 2225 1231 2271 nuces]
1251 2224 1346 2260 Fest.

979 2272 1238 2308 Praenestinos
1283 2273 1429 2317 antiqui
1472 2272 1722 2316 appellabant,

974 2321 1070 2364 quod
1089 2321 1225 2355 inclusi
1239 2332 1262 2355 a
1276 2320 1406 2354 Poenis
1423 2319 1581 2354 Casilini
1591 2320 1722 2362 famem

974 2368 1130 2402 nucibus
1154 2370 1456 2402 sustentaverant.

1024 2429 1078 2460 13.
1094 2425 1188 2471 lora]
1207 2425 1288 2460 Val.
1306 2425 1401 2462 Max,
1416 2429 1447 2467 7,
1461 2429 1492 2468 6,
1505 2428 1537 2458 2.
1552 2444 1593 2449 —-
1609 2425 1722 2459 muri-

974 2473 1055 2518 bus]
1090 2472 1244 2515 Ratten,
1285 2471 1378 2506 Plin.
1407 2484 1440 2505 n.
1468 2472 1503 2505 h.
1531 2474 1563 2514 8,
1590 2474 1609 2513 ἓ
1636 2475 1721 2505 222:

972 2521 1108 2554 venisse
1127 2530 1263 2554 murem
1283 2519 1448 2553 ducentis
1467 2519 1630 2553 denariis
1652 2518 1721 2553 Ca-

973 2567 1124 2601 silinum
1162 2567 1342 2601 obsidente
1379 2565 1596 2600 Hannibale
1627 2576 1720 2600 eum-

1375 2237 1410 2270 p.
1443 2228 1526 2259 173:
1553 2224 1724 2260 Nuculas

972 2624 1038 2657 qne
1063 2614 1127 2657 qui
1159 2613 1370 2647 vendiderat
1402 2613 1498 2655 same
1530 2613 1720 2655 interiisse,

972 2663 1161 2704 emptorem
1196 2661 1328 2694 vixisse
1367 2660 1519 2694 annales
1546 2660 1720 2701 tradunt,-

971 2707 1052 2741 Val.
1082 2707 1176 2741 Max.
1206 2711 1237 2751 7,
1260 2711 1292 2749 6,
1313 2711 1350 2749 33
1379 2706 1533 2741 Frontin
1553 2711 1586 2750 4,
1607 2710 1639 2750 5,
1663 2710 1718 2741 20.

1021 2769 1072 2799 14.
1101 2766 1326 2811 obarassent]
1355 2777 1416 2799 um
1445 2765 1515 2800 den
1542 2765 1719 2810 Belager-

970 2814 1033 2846 ten
1059 2812 1154 2847 auch
1175 2813 1235 2847 die
1256 2813 1470 2848 naht-enden
1486 2811 1660 2847 &Vurzeln
1683 2824 1716 2846 u.

971 2859 1130 2894 Krauter
1163 2872 1208 2894 zu
1249 2859 1460 2903 entziehen;
1500 2859 1655 2895 Frontin
1683 2863 1716 2902 3,
