1882 3163
205 113 262 154 84
735 111 882 146 LIBER
906 111 1018 146 XXV.
1058 110 1158 145 CAP.
1185 115 1243 148 41.
1561 128 1586 148 a..
1606 130 1635 148 u.
1656 129 1682 148 c.
1704 123 1766 149 542.

137 222 178 252 12
205 210 373 251 nullum
401 211 529 251 antea
555 209 744 250 curulem
773 209 1074 264 magistratum
1100 209 1319 264 gessisset.
1367 210 1587 263 praetores
1613 209 1764 252 deinde

206 269 337 310 creati
368 268 417 310 L.
449 267 661 311 Cornelius
692 268 904 319 Lewtulus,
935 268 1000 310 M.
1033 266 1255 310 Cornelius
1289 267 1518 324 Cethegus,
1549 267 1594 311 O.
1626 267 1765 324 Sulpi-

137 340 178 371 13
206 329 315 381 cius,
346 327 390 370 C.
421 327 674 381 Calpurnius
704 327 817 370 Piso.
878 327 1028 369 Pisoni
1065 328 1169 369 iuris
1202 327 1332 369 dictio
1365 328 1546 382 urbana,
1579 326 1766 382 Sulpicio

208 387 370 441 Sicilia,
411 384 603 443 Cethego
642 386 818 441 Apulia,
848 386 1031 429 Lentulo
1071 386 1267 429 Sardinia
1305 387 1458 428 evenit.
1519 387 1766 430 consulibus

206 448 488 502 prorogatum
518 446 566 488 in
597 461 758 488 annum
789 446 1016 501 imperium
1050 449 1124 489 est.

254 575 318 620 qui
343 602 350 609 .
379 602 387 609 .
419 575 597 621 yessisset]
633 574 697 609 der
729 574 951 620 Conjunctiv
1018 576 1227 621 pereminet,
1255 585 1294 610 so
1322 575 1406 609 dass
1427 574 1511 609 Piso
1532 585 1625 620 ganz
1649 575 1689 609 in
1709 575 1768 610 die

207 622 257 657 ist
283 634 326 656 zu
350 622 545 657 beachten.
1024 622 1295 657 VVirksamkeit
1316 623 1380 657 des
1402 622 1505 657 Sulla
1523 624 1564 668 (s,
1586 628 1619 668 3,
1633 624 1669 668 2)
1691 622 1766 658 ein-

257 674 311 704 13.
338 670 498 716 urbana]
515 670 765 705 vermuthlich
781 670 877 705 auch
891 669 950 704 die
1025 671 1109 704 trat.

725 1024 971 1060 PERIOCHA
996 1025 1125 1060 LIBRI
1151 1025 1261 1059 XXV.

304 1119 342 1155 P.
378 1118 567 1154 Cornelius
601 1119 745 1164 Scipio,
784 1122 917 1166 postea
947 1120 1160 1163 Africanus,
1197 1120 1283 1154 ante
1321 1130 1436 1154 annos
1471 1119 1604 1154 aedilis
1638 1119 1771 1155 factus.

210 1166 398 1201 Hannibal
423 1168 552 1201 urbem
577 1167 765 1202 Tarenton
789 1169 938 1213 praeter
970 1179 1109 1211 arcem,
1136 1167 1175 1201 in
1201 1178 1311 1212 quam
1336 1166 1565 1212 praesidium
1590 1167 1772 1202 Romano-

210 1227 291 1249 rum
316 1214 474 1259 fugerat,
500 1226 566 1259 per
591 1214 811 1250 Tarentinos
838 1215 1010 1259 iuvenes,
1044 1215 1108 1260 qui
1142 1226 1180 1249 se
1205 1217 1320 1250 noctu
1345 1216 1521 1249 venatum
1545 1214 1600 1249 ire
1625 1214 1773 1248 simula-

211 1262 356 1305 verant,
384 1261 495 1307 cepit.
546 1261 627 1296 ludi
651 1262 888 1307 Apollinares
921 1275 965 1298 ex
995 1262 1113 1297 Marci
1138 1262 1379 1305 carminibus,
1413 1262 1545 1306 quibus
1572 1261 1773 1297 Cannensis

164 1323 184 1354 5
213 1309 338 1344 clades
364 1308 558 1354 praedicta
582 1308 715 1354 fuerat,
736 1310 901 1345 instituti
928 1312 1023 1347 sunt
1074 1322 1096 1344 a
1121 1310 1162 1352 Q.
1189 1310 1319 1344 Fulvio
1347 1311 1385 1344 et
1409 1309 1478 1355 Ap
1506 1309 1661 1344 Claudio
1688 1320 1773 1344 con-

213 1356 353 1392 sulibus
386 1356 563 1391 adversus
594 1357 814 1392 Hannonem
848 1359 1056 1393 Poenorum
1091 1358 1223 1393 ducem
1256 1368 1431 1402 prospere
1466 1358 1673 1410 pugnatum
1705 1357 1772 1392 est.

211 1404 292 1439 Tib.
321 1404 559 1449 Sempronius
586 1404 773 1439 Giacchus
799 1407 999 1450 proconsul
1033 1406 1080 1440 ab
1104 1405 1255 1450 hospite
1287 1416 1352 1439 suo
1378 1405 1524 1439 Lucano
1556 1404 1595 1438 in
1619 1404 1774 1439 insidias

212 1451 412 1494 deductus,
445 1462 467 1485 a
497 1451 656 1497 Magone
689 1452 908 1488 interfectus
940 1455 1006 1488 est.
1064 1452 1263 1488 Centenius
1294 1452 1473 1495 Paenula,
1510 1451 1573 1496 qui
1608 1451 1774 1486 centurio

213 1499 454 1542 militaverat,
483 1511 566 1533 011111
591 1499 750 1544 petisset
775 1511 796 1534 a
822 1502 967 1543 senatu,
1002 1502 1043 1535 ut
1070 1501 1142 1535 sibi
1169 1499 1350 1535 exercitus
1377 1500 1542 1543 daretur,
1568 1499 1775 1544 pollicitus-

147 1560 190 1591 10
217 1557 287 1591 que
314 1547 423 1589 esset,
451 1546 482 1581 si
507 1546 754 1592 impetra-sset,
782 1548 826 1582 de
846 1548 1054 1583 Hannibale
1080 1547 1288 1590 victoriam,
1315 1548 1398 1583 octo
1425 1546 1589 1592 acceptis
1614 1546 1777 1581 militum

217 1595 292 1627 dux
315 1593 435 1627 factus
463 1594 629 1629 conflixit
654 1595 734 1630 acie
760 1607 844 1630 cum
862 1595 1071 1630 Hannibale
1097 1597 1136 1630 et
1161 1607 1243 1630 cum
1269 1595 1432 1630 exercitu
1457 1606 1583 1629 caesus
1605 1595 1671 1629 est.
1711 1594 1778 1629 Ca-

213 1652 288 1686 pua
322 1642 472 1676 obsessa
504 1643 562 1676 est
592 1653 613 1676 a
646 1642 687 1683 Q.
721 1642 852 1677 Fulvio
885 1645 922 1677 et
954 1643 1023 1688 Ap.
1058 1642 1212 1677 Claudio
1245 1643 1468 1679 consulibus.
1527 1641 1588 1677 Cn.
1622 1642 1774 1676 Fulvius

212 1690 364 1733 praetor
387 1689 485 1723 male
511 1689 688 1723 adversus
714 1690 962 1725 Hannibalem
987 1690 1185 1736 pugnavit,
1217 1690 1257 1724 in
1283 1701 1354 1734 quo
1380 1690 1523 1735 proelio
1549 1689 1686 1735 viginti
1711 1690 1774 1724 ho-

213 1736 357 1770 minum
384 1736 615 1780 ceciderunt3
647 1737 727 1782 ipse
760 1749 843 1772 cum
870 1737 1055 1782 equitibus
1089 1737 1258 1772 (lucentis
1291 1737 1429 1782 effugit.
1481 1736 1655 1772 Claudius
1680 1736 1775 1771 Mar-

144 1796 186 1827 15
215 1783 329 1818 cellus
356 1782 555 1827 Syracusas
588 1785 818 1830 expugnavit
849 1785 961 1820 tertio
988 1796 1084 1819 anno
1112 1785 1148 1819 et
1173 1785 1364 1829 ingentem
1384 1796 1422 1819 se
1442 1785 1562 1819 virum
1582 1784 1708 1830 gessit.
1736 1783 1775 1818 in

215 1841 256 1865 eo
291 1831 455 1865 tumultu
488 1833 618 1877 captae
650 1832 750 1867 urbis
782 1832 1024 1867 Archimedes
1055 1833 1221 1867 intentus
1252 1832 1397 1875 fonnis
1431 1843 1520 1877 quas
1551 1832 1591 1866 in
1621 1832 1775 1877 pulvere

215 1878 474 1923 descripserat
500 1879 720 1914 interfectus
747 1881 814 1916 est
864 1880 902 1915 P.
930 1882 968 1915 et
994 1880 1056 1915 Cn
1085 1879 1278 1925 Scipiones
1304 1880 1344 1914 in
1368 1861 1549 1925 Hispania
1572 1880 1630 1914 tot
1653 1891 1775 1914 rerum

214 1925 376 1960 feliciter
400 1928 589 1971 gestarum
619 1927 767 1962 tristem
793 1927 933 1962 exitum
956 1928 1139 1970 tulerunt,
1171 1938 1288 1973 prope
1322 1939 1405 1962 cum
1435 1927 1525 1963 totis
1552 1926 1774 1962 exercitibus

217 1972 315 2007 caesi
340 1984 436 2008 anno
464 1976 597 2009 octavo
624 1986 736 2019 quam
761 1975 801 2009 in
819 1975 1039 2020 Hispaniam
1058 1975 1191 2011 ierunt
1236 1974 1443 2019 amissaque
1464 1975 1542 2010 eius
1560 1974 1775 2020 provinciae

145 2033 189 2064 20
218 2020 404 2065 possessio
436 2021 548 2064 foret
574 2021 646 2056 nisi
671 2022 711 2058 L.
737 2022 853 2057 Marci
885 2022 1020 2066 equitis
1047 2023 1205 2057 Romani
1235 2022 1373 2057 virtute
1406 2024 1445 2057 et
1474 2021 1657 2057 industria
1691 2033 1775 2056 con-

215 2067 347 2101 tractis
380 2069 607 2104 exercituum
638 2069 823 2123 reliquiis
863 2070 1028 2104 eiusdem
1058 2070 1210 2104 hortatu
1240 2069 1329 2104 bina
1364 2071 1485 2104 castra
1517 2069 1683 2104 hostium
1717 2080 1775 2104 ex-

215 2115 381 2166 pugnata
407 2118 540 2152 essent.
585 2117 632 2150 ad
658 2116 797 2162 viginti
823 2118 965 2162 septem
985 2128 1104 2159 caesa,
1130 2116 1150 2137 *
1177 2128 1221 2152 ex
1239 2117 1343 2152 mille
1364 2117 1610 2162 octingentos,
1636 2117 1775 2164 praeda

215 2161 346 2206 ingens
373 2164 495 2208 capta.
547 2164 620 2198 dux
645 2164 804 2200 Marcius
829 2164 1038 2210 appellatus
1065 2145 1131 2201 est.
