1882 3163
121 331 175 372 39

140 1052 159 1082 5
191 1043 320 1082 stunt.

188 104 243 145 66
669 104 814 138 LIBER
838 104 987 139 XXIIII.
1015 103 1114 140 CAP.
1142 108 1197 140 39.

1531 122 1555 140 a.
1580 122 1608 140 u.
1635 122 1658 139 e.
1685 116 1752 142 541.

192 212 481 267 trucidabitis,
515 214 557 253 et
588 213 774 254 consulis
808 215 950 254 castra
980 212 1024 253 in
1056 213 1294 268 propinquo
1327 216 1445 264 sunt,
1475 228 1528 255 ne
1561 213 1661 268 quid
1692 215 1753 256 ab-

193 269 432 313 Himilcone
465 274 507 313 et
540 270 968 327 Carthaginiensibus
999 271 1142 313 timeri
1174 271 1339 327 possit'.

309 330 378 372 Ab
410 331 490 372 hac
523 331 822 372 adhortatione
855 331 1018 372 dimissi
1050 345 1229 385 corpora
1261 333 1424 372 curant.
1473 334 1646 386 postero
1678 332 1748 373 die

193 390 266 431 alii
300 390 395 431 aliis
427 390 530 431 locis
565 390 617 431 ad
650 389 883 431 obsidenda
914 390 1069 431 itinera
1095 389 1435 445 claudendosque
1455 391 1641 444 oppositi
1662 391 1752 432 exi-

190 450 276 490 tus·

268 483 277 504 ,
321 464 421 504 pars
466 450 655 490 maxima
696 464 823 503 super
862 449 1078 491 theatrum
1117 449 1331 504 circaque,
1376 449 1541 491 adsueti
1572 452 1615 491 et
1646 452 1751 491 ante

145 519 165 548 2
193 508 435 562 spectaculo
478 509 741 562 contionum,
786 509 1036 550 consistunt.

1097 508 1330 562 productus
1374 508 1426 549 ad
1470 509 1674 563 populum
1721 524 1746 550 a

190 567 517 623 magistratibus
554 567 793 622 praefectus
825 567 1045 609 Romanus
1084 582 1178 609 cum
1218 567 1404 609 consulis
1438 567 1488 608 de
1522 582 1571 608 ea
1602 583 1646 609 re
1678 568 1747 609 ius

142 637 161 668 3
189 641 237 668 ac
262 629 521 681 potestatem
547 641 656 680 esse,
687 641 774 668 non
801 641 940 678 suam,
973 629 1016 667 et
1040 627 1240 681 pleraque
1268 627 1431 681 eadem,
1464 641 1571 681 quae
1596 627 1747 682 pridie,

189 685 384 740 dixisset,
429 688 470 727 et
508 686 645 741 primo
679 686 836 727 sensim
870 700 918 727 ac
949 686 1090 740 plures
1122 685 1296 727 reddere
1329 686 1485 739 claves,
1531 686 1627 726 dein
1658 686 1746 727 iam

188 759 276 786 una
296 760 398 787 voce
429 745 472 786 id
505 760 651 787 omnes
684 745 881 786 iuberent
913 745 1216 799 cunctantique
1243 748 1286 786 et
1312 745 1522 786 differenti
1548 745 1753 786 ferociter

188 804 489 846 minitarentur
531 819 609 845 nec
648 804 893 845 viderentur
923 803 1038 844 ultra
1070 804 1155 844 vim
1186 804 1384 845 ultimam
1417 804 1608 858 dilaturi,
1651 807 1746 845 tum

142 875 164 904 4
189 863 429 917 praefectus
462 866 566 919 toga
598 864 785 918 signum,
829 864 877 903 ut
920 864 1192 915 convenerat,
1238 863 1369 918 dedit,
1407 863 1648 918 militesque
1680 863 1745 904 in·

190 923 302 963 tenti
334 923 493 963 dudum
526 937 574 964 ac
605 922 746 976 parati
779 921 851 962 alii
883 936 1064 975 superne
1096 922 1141 962 in
1174 936 1363 962 aversam
1391 922 1634 963 contionem
1661 922 1749 964 cla—⁷

190 996 307 1023 more
354 982 524 1023 sublato
569 981 815 1035 decurrunt,
861 980 932 1021 alii
971 980 1022 1021 ad
1056 981 1194 1021 exitus
1226 980 1385 1021 theatri
1418 981 1597 1021 conferti
1631 981 1744 1023 obsi—

388 1041 621 1082 caeduntur
669 1039 917 1081 Hennenses
980 1053 1107 1081 cavea
1155 1039 1308 1080 inclusi
1359 1042 1745 1094 coacervanturque

186 1114 274 1141 non
307 1100 432 1141 caede
466 1100 603 1141 solum
637 1099 709 1140 sed
744 1098 873 1140 etiam
908 1098 1029 1154 fuga,
1074 1113 1170 1140 cum
1201 1099 1277 1140 alii
1309 1112 1434 1153 super
1466 1099 1644 1139 aliorum
1677 1113 1744 1140 ca-

187 1159 281 1213 pita
319 1161 492 1200 ruerent
523 1161 565 1200 et
597 1158 755 1213 integri
789 1157 962 1211 sauciis,
1006 1158 1090 1199 vivi
1124 1158 1304 1199 mortuis
1336 1157 1570 1199 incidentes
1603 1172 1750 1199 cumu—

141 1229 160 1260 6
187 1219 385 1259 larentur.

449 1218 545 1259 inde
578 1218 739 1272 passim
772 1217 1024 1258 discurritur
1056 1220 1098 1257 et
1129 1217 1247 1258 urbis
1281 1219 1429 1271 captae
1463 1216 1588 1258 modo
1621 1217 1740 1272 fuga-

187 1292 267 1332 que
300 1280 342 1318 et
373 1277 521 1319 caedes
555 1277 697 1319 omnia
729 1278 846 1318 tenet
877 1276 1011 1317 nihilo
1045 1276 1287 1317 remissiore
1320 1275 1502 1316 militum
1522 1276 1597 1330 ira,
1629 1276 1744 1330 quod

186 1336 357 1378 turbam
395 1337 601 1378 inermem
640 1336 889 1389 caedebant,
934 1349 1061 1390 quam
1102 1335 1137 1376 si
1169 1335 1403 1389 periculum
1435 1349 1512 1389 par
1545 1337 1587 1376 et
1617 1335 1748 1377 ardor

232 1469 263 1499 9.
313 1465 562 1510 trucidabitis]
621 1464 928 1507 ‘abschlachten’,

183 1512 381 1546 besonders
417 1523 502 1547 vom
528 1512 624 1547 Vieh
666 1513 798 1556 gesagt
841 1511 928 1546 oder

184 1559 254 1594 mit
279 1559 362 1594 dem
389 1559 519 1594 Zusatz
539 1570 710 1604 pecorum
734 1559 847 1593 modo.

231 1620 272 1653 in
291 1619 516 1665 propinquo]
538 1630 574 1653 es
595 1619 645 1652 ist
664 1618 927 1660 anzunehmen,

185 1666 268 1701 dass
289 1666 454 1701 Himilko
480 1666 555 1700 und
574 1666 684 1711 Hipp.
708 1665 787 1699 ihre
807 1665 926 1700 Route

185 1713 251 1748 auf
272 1713 403 1748 Henna
428 1714 587 1748 nahmen
612 1725 636 1747 u
674 1713 786 1747 Marc.
813 1712 928 1746 ihnen

183 1760 319 1805 folgte;
352 1761 449 1795 denn
480 1761 576 1795 nach
609 1764 670 1804 39,
708 1764 748 1794 10
786 1759 928 1794 besetzt

184 1808 295 1852 Hipp.
322 1808 549 1852 Murgantia,
577 1808 642 1842 das
663 1807 741 1841 sich
762 1807 845 1841 dem
863 1806 926 1840 Hi—

184 1856 301 1890 milko
340 1856 498 1900 ergeben
537 1856 657 1898 hatte,
696 1854 771 1888 und
809 1853 928 1888 dieser

185 1903 300 1937 selbst
318 1903 409 1947 geht
429 1903 524 1937 nach
538 1902 730 1947 Agrigent,
749 1901 928 1936 wahrend

184 1950 294 1985 Marc.
322 1962 384 1984 zur
410 1950 644 1995 Belagerung
668 1960 740 1984 von
767 1949 928 1994 Syrakus

185 1997 443 2033 zuriickkehrt.

232 2067 295 2102 39.
343 2072 372 2102 1.
411 2069 455 2102 ab
492 2068 559 2102 hac
597 2067 861 2111 adhortatione]
901 2078 926 2100 s.

187 2126 230 2148 zu
248 2119 303 2158 22,
331 2119 361 2149 6.

232 2172 386 2205 corpora
410 2162 557 2206 curant]
585 2161 695 2196 naml.
723 2161 811 2195 cibo.

233 2220 442 2265 obsidenda]
475 2220 513 2253 in
545 2219 663 2254 dieser
688 2219 929 2263 Verbindung

187 2267 519 2312 gleichbedeutend
538 2267 607 2301 mit
625 2267 800 2307 insidere‚·
827 2278 853 2300 s.
873 2269 928 2308 40,

186 2319 205 2349 9
240 2315 312 2348 und
347 2314 406 2358 25,
446 2319 505 2357 13,
542 2318 560 2347 2
596 2314 811 2358 priusquam
847 2313 928 2346 riae

185 2372 303 2396 omnes
351 2362 505 2396 hostium
551 2361 748 2405 praesidiis
796 2361 926 2394 inside-

185 2413 320 2444 rentur.

233 2456 404 2501 oppositi]
437 2456 585 2490 absolut
614 2455 690 2489 und
721 2455 834 2489 daher
858 2454 927 2489 wie

186 2503 252 2538 das
272 2503 435 2548 Simplex
456 2516 499 2537 zu
520 2503 753 2544 fibersetzen3
774 2501 846 2546 vgl.
868 2501 927 2545 26,

186 2554 242 2593 44,
269 2555 288 2584 2
325 2552 397 2585 duo
430 2551 534 2584 milia
560 2551 604 2584 ab
630 2561 672 2583 ea
699 2553 825 2593 parte,
856 2560 928 2593 qua

186 2601 304 2631 castra
330 2597 497 2632 Romana
524 2600 643 2639 erant,
675 2597 824 2641 opponit
854 2596 928 2630 und.

187 2646 288 2679 sonst
314 2645 376 2680 oft.

233 2692 424 2737 theatrum]
453 2691 511 2725 die
532 2691 815 2734 Versammlung
839 2690 927 2724 fand

187 2738 268 2780 (wie
300 2738 360 2772 bei
386 2738 566 2773 Griechen
598 2737 844 2782 gewohnlich)
876 2737 927 2771 im

187 2784 346 2819 Theater
366 2787 468 2828 statt,
493 2786 566 2819 und
588 2785 646 2819 die
668 2785 843 2819 Soldaten
866 2784 928 2818 be-

187 2830 320 2865 fanden
349 2832 425 2866 sich
452 2832 733 2877 grosstentheils
754 2832 847 2866 oben
867 2831 933 2865 auf

188 2878 270 2911 dem
292 2878 618 2921 Zuschauerraum3
645 2879 758 2913 daher
784 2882 802 2920 ἓ
823 2882 845 2912 4
870 2889 927 2912 su—

994 1474 1108 1507 perne
1133 1464 1330 1498 decurrunt
1354 1463 1428 1497 und
1454 1464 1495 1497 in
1518 1474 1678 1498 aversam
1703 1474 1744 1508 c.,

1000 1510 1085 1545 weil
1122 1510 1289 1545 Pinarius
1332 1522 1404 1545 von
1446 1511 1509 1544 der
1547 1510 1748 1546 Orchestra

1001 1569 1064 1592 aus
1091 1570 1134 1592 zu
1160 1558 1231 1592 den
1256 1559 1495 1592 Hennensem
1521 1557 1671 1602 spricht.

1048 1617 1227 1662 circaque]
1264 1627 1301 1651 so
1328 1617 1407 1652 Liv.
1443 1616 1499 1651 oft
1531 1616 1592 1651 bei
1622 1617 1747 1661 Prap.⁷

1000 1664 1138 1699 welche
1174 1663 1268 1698 auch
1303 1663 1357 1698 als
1392 1664 1483 1699 Adv.
1521 1663 1744 1708 angewandt

999 1711 1163 1753 werden3
1209 1712 1311 1745 sonst
1347 1710 1416 1745 mit
1452 1710 1744 1754 Wiederholung

999 1759 1063 1793 des
1090 1758 1212 1793 Subst.
1248 1758 1315 1792 wie
1351 1762 1434 1792 ante
1467 1759 1574 1802 siyna
1599 1762 1631 1792 et
1659 1761 1744 1801 post

999 1807 1121 1850 sigyna,
1165 1816 1237 1849 pro
1281 1805 1449 1850 Scipione
1498 1808 1529 1839 et
1573 1806 1744 1839 adversus

1001 1853 1205 1897 Scipionem
1230 1865 1264 1886 u.
1293 1863 1317 1886 S.
1346 1865 1389 1886 w.

1046 1899 1301 1944 spectaculum]
1347 1899 1415 1934 mit
1450 1898 1538 1933 Gen.
1576 1898 1742 1933 bezeich-

1000 1949 1064 1983 net
1095 1947 1150 1982 oft
1186 1947 1394 1981 Zuschauer
1431 1946 1508 1981 sein
1545 1946 1606 1980 bei
1644 1946 1744 1980 einer

1001 1995 1137 2037 Sache,
1177 1994 1231 2029 als
1257 1994 1464 2028 Zuschauer
1495 1993 1595 2028 einer
1627 1993 1744 2028 Sache

999 2042 1229 2085 beiwohnen,
1256 2054 1283 2075 z.
1310 2042 1350 2075 B.
1378 2040 1437 2083 23,
1461 2045 1516 2084 47,
1538 2045 1557 2075 3
1583 2040 1747 2075 Romani

1001 2091 1050 2124 ad
1090 2089 1333 2133 spectaculum
1367 2100 1516 2132 pugnae
1556 2088 1632 2122 eius
1674 2088 1743 2130 fre-

1001 2141 1143 2181 quentes
1174 2137 1346 2170 eaeierant.

1049 2188 1080 2217 3.
1106 2184 1236 2217 sensim
1262 2193 1304 2216 ac
1322 2182 1464 2226 plures]
1494 2181 1601 2226 ‘ganz
1621 2180 1742 2215 merk-

1001 2230 1075 2264 lich
1102 2230 1176 2263 und
1203 2242 1246 2263 zu
1272 2229 1476 2263 mehreren’
1507 2228 1636 2273 (riefen
1662 2228 1742 2272 sie).

1050 2300 1208 2344 reddere]
1238 2299 1332 2333 ohne
1363 2298 1603 2343 beigefiigten
1623 2298 1742 2343 Subj.-

999 2349 1097 2389 Acc„
1135 2347 1198 2381 der
1236 2347 1313 2381 sich
1338 2346 1454 2380 leicht
1479 2347 1650 2390 erganzt,
1677 2345 1745 2379 fin-

1000 2394 1062 2429 det
1092 2395 1169 2428 sich
1202 2393 1297 2427 &fter
1324 2393 1383 2428 bei
1409 2393 1535 2427 Livius
1561 2405 1588 2427 z.
1616 2392 1654 2427 B.
1681 2391 1744 2435 25,

1001 2446 1054 2484 10,
1083 2446 1102 2476 6
1133 2441 1350 2475 Tarentinos
1380 2442 1457 2475 sinc
1482 2441 1593 2474 armis
1618 2450 1743 2473 convo—

999 2500 1080 2523 care
1106 2489 1212 2522 iubet.

1049 2552 1078 2582 6.
1105 2546 1223 2591 modo]
1248 2546 1357 2580 ‘nach
1378 2545 1473 2588 Art’,
1501 2545 1560 2579 ein
1579 2544 1638 2578 bei
1661 2543 1740 2578 Liv.

1000 2595 1168 2639 h'aufiger
1195 2594 1276 2628 Abl.
1302 2593 1403 2627 modi
1434 2592 1472 2626 in
1500 2590 1742 2635 Verbindung

1000 2642 1068 2676 mit
1094 2642 1212 2676 einem
1239 2640 1327 2674 Gen.

1046 2690 1204 2733 fuyaque
1229 2691 1261 2722 et
1285 2686 1421 2732 caedes]
1447 2685 1522 2730 vgl.
1551 2684 1609 2726 23,
1637 2687 1692 2727 26,
1719 2687 1740 2718 8

1001 2737 1049 2771 ad
1069 2740 1188 2770 castra
1214 2735 1389 2768 tumultus
1415 2736 1491 2767 crat
1504 2735 1535 2766 et
1554 2742 1622 2775 per
1636 2741 1747 2775 agyras·

999 2785 1157 2828 fuyaquc
1190 2785 1221 2815 et
1252 2782 1392 2823 caedes,-
1425 2779 1502 2814 dies
1533 2788 1744 2822 correspon-

1001 2829 1173 2865 dierende
1201 2840 1266 2873 que
1281 2848 1322 2853 ——
1338 2831 1369 2862 et
1394 2826 1455 2861 bei
1480 2825 1606 2860 Livius
1631 2824 1742 2859 ziem—

999 2877 1075 2912 lich
1099 2875 1240 2920 haufig,
1268 2887 1294 2910 s.
1321 2878 1376 2918 47,
1403 2878 1435 2908 4.
