1882 3163
630 144 774 178 LIBER
798 142 946 178 XXIIII.
987 142 1088 176 CAP.
1117 145 1171 177 16.
1625 137 1681 179 29

114 164 143 184 a·
170 156 238 183 clu.
263 164 293 182 n.
321 156 382 181 214.

111 254 294 297 bertatis
328 251 599 308 aequassem'
631 251 789 305 inquit,
826 249 1065 291 eneminem
1095 252 1201 291 nota
1233 248 1395 290 strenui
1429 251 1503 289 aut
1534 247 1682 303 ignavi

110 314 263 355 militis
295 316 470 354 notasse
502 311 637 353 volui:
675 324 791 351 nunc
824 309 1019 350 exsoluta
1051 309 1140 350 iam
1171 308 1253 349 fide
1286 308 1475 374 publica,
1511 321 1565 348 ne
1597 306 1680 348 dis-

113 373 276 414 crimen
310 385 435 413 omne
467 370 638 411 virtutis
670 368 952 424 ignaviaeque
983 370 1149 422 per,eat
1187 367 1364 408 nomina
1403 377 1571 420 eorum,
1610 366 1683 420 qui

115 432 380 473 detractatae
411 443 580 484 pugnae
612 441 821 469 memores
864 427 1150 468 secessionem
1186 426 1315 479 paulo
1348 427 1446 467 ante
1478 425 1682 477 fecerunt,

114 490 266 531 referri
291 490 344 531 ad
375 503 442 530 me
474 488 642 540 iubebo,
675 487 916 540 citatosque
950 485 1143 540 singulos
1170 485 1260 525 iure
1286 484 1465 526 iurando
1499 484 1682 539 adigam,

118 549 203 590 nisi
236 549 303 590 cui
335 548 509 589 morbus
543 561 672 587 causa
704 545 795 599 erit,
827 559 914 586 non
939 545 1065 585 aliter
1093 558 1221 598 quam
1249 545 1413 584 stantes
1440 543 1583 584 cibum
1609 557 1682 597 po-

112 609 371 661 tionemque,
408 606 546 660 quoad
578 604 793 658 stipendia
824 604 996 657 facient,
1030 607 1232 656 capturos
1266 616 1371 643 esse.
1432 601 1544 643 hane
1575 601 1684 642 mul-

118 670 210 708 tam
241 666 305 707 ita
337 679 470 720 aequo
499 664 642 706 animo
674 664 832 716 feretis,
865 663 902 704 si
927 662 1183 716 reputabit-is
1210 661 1331 702 nulla
1356 661 1555 716 ignaviae
1580 664 1684 702 nota

118 725 279 767 leviore
311 739 387 766 vos
420 723 636 778 designari
668 721 887 777 potuisse'.
947 722 1117 776 signum
1145 720 1295 761 deinde
1325 719 1556 775 colligendi
1582 735 1685 761 vasa

116 784 252 838 dedit3
292 784 535 837 militesque
568 782 771 836 praedam
803 783 1024 836 portantes
1065 782 1328 834 agentesque
1360 794 1436 833 per
1428 756 1685 820 Ulasciviam

118 857 166 884 ac
197 843 340 884 iocum
371 842 433 883 ita
466 841 691 882 ludibundi
723 840 1020 881 Beneventum
1060 839 1241 891 rediere,
1279 841 1328 879 ut
1359 838 1411 879 ab
1446 838 1583 892 epulis
1607 851 1686 890 per

118 902 327 943 celebrem
359 900 604 955 festumque
631 900 742 941 diem
769 899 888 952 actis,
920 913 1007 940 non
1039 913 1089 939 ex
1117 899 1206 939 acie
1239 897 1397 938 reverti
1429 897 1685 938 viderentur.

116 959 411 1001 Beneventani
437 973 585 1001 omnes
611 959 738 1000 turba
758 959 891 1000 effusa
912 972 1008 999 cum
1035 957 1209 999 obviam
1236 957 1288 997 ad
1308 959 1456 1010 portas
1483 956 1684 1009 exissent,

116 1019 347 1073 complecti
372 1019 543 1070 milites,
570 1018 790 1073 gratulari,
815 1031 968 1059 vocare
993 1017 1038 1057 in
1063 1016 1313 1071 hospitium.
1358 1015 1565 1070 adparata
1585 1029 1683 1057 con-

117 1079 232 1120 vivia
264 1078 463 1120 omnibus
496 1078 542 1118 in
574 1077 804 1131 propatulo
839 1076 1007 1118 aedium
1043 1075 1235 1117 fuerant:
1274 1075 1326 1116 ad
1359 1088 1409 1116 ea
1440 1073 1686 1115 invitabant

118 1136 445 1191 Gracchumque
491 1137 691 1189 orabant,
742 1138 789 1176 ut
833 1135 998 1189 epulari
1048 1135 1318 1189 permitteret
1360 1133 1581 1174 militibus.
1644 1135 1687 1173 et

119 1195 336 1237 Gracchus
375 1197 437 1236 ita
474 1195 685 1249 permisit,
722 1196 760 1236 si
790 1198 834 1235 in
872 1194 1044 1248 publico
1084 1193 1360 1247 epularentur
1399 1207 1546 1234 omnes
1586 1193 1686 1233 ante

121 1270 219 1296 suas
253 1255 432 1309 quisque
463 1254 588 1295 fores.
650 1254 820 1308 prolata
853 1253 1008 1294 omnia.
1064 1253 1230 1307 pilleati
1263 1255 1336 1293 aut
1367 1252 1466 1293 lana
1497 1251 1594 1292 alba
1620 1265 1686 1292 ve-

115 1405 258 1451 spricht
294 1410 380 1441 tune
412 1406 496 1441 dem
534 1405 865 1451 vorhergehenden

112 1455 284 1498 primum.

164 1504 252 1536 nota
288 1520 329 1525 —
355 1500 512 1546 notasse]
552 1500 622 1535 wie
661 1499 728 1542 23,
757 1504 816 1543 11,
844 1504 863 1534 5

121 1551 315 1583 coronatus
340 1549 467 1583 laurea
493 1558 644 1590 corona,
676 1547 732 1582 oft
760 1548 866 1582 donis

118 1596 255 1629 donare
275 1597 308 1638 (ἓ
329 1597 364 1639 9)
398 1607 432 1629 u.
454 1606 486 1629 a.
506 1607 554 1629 m.
597 1598 739 1629 nota-sse
765 1595 865 1629 steht

117 1642 313 1677 aoristisch
334 1643 393 1676 fiir
413 1653 522 1676 unser
542 1642 738 1676 deutsches
756 1642 864 1676 Prae-

116 1701 215 1733 sens,
254 1689 308 1725 oft
343 1689 403 1724 bei
436 1689 495 1732 L.,
533 1689 732 1724 besonders
770 1689 866 1723 nach

115 1737 210 1779 volo,
239 1737 340 1779 nolo,
370 1737 488 1778 malo,·
524 1749 553 1770 z.
580 1737 620 1770 B.
650 1735 709 1779 2⁶2,
738 1741 793 1779 59,
824 1740 866 1770 10

117 1795 182 1818 nec
214 1784 408 1827 premendo
453 1785 567 1818 alium
605 1794 658 1817 me
698 1784 867 1818 eaetulisse

116 1831 231 1865 velim.
282 1830 342 1872 23,
374 1835 428 1873 15,
457 1835 500 1864 10
529 1831 600 1865 sibi
625 1831 867 1874 adsumpsisse

118 1889 227 1922 quam
250 1878 343 1912 hosti
368 1878 540 1912 ademisse
565 1878 692 1920 fortem
718 1888 761 1911 ae
779 1881 865 1911 stre-

117 1936 233 1959 nuum
258 1926 389 1959 maluit
408 1926 543 1959 socium
570 1925 792 1968 accitumque
818 1925 866 1958 ad

118 1983 154 2006 se
181 1973 330 2016 benique
355 1972 535 2016 appella&
560 1971 635 2016 vgl.
662 1975 681 2013 ξ
708 1975 739 2005 9.

170 2023 222 2053 12.
268 2020 371 2060 fidem
407 2018 597 2063 exsolvere]
637 2018 685 2052 ist
723 2018 865 2063 haufig3

119 2066 193 2109 vgl.
229 2070 289 2109 18,
325 2070 344 2100 5
383 2067 559 2100 exsolvere
593 2066 864 2100 iusiurandum.

118 2113 178 2157 26,
205 2117 261 2155 31,
291 2117 333 2148 10
360 2125 436 2147 mea
461 2114 548 2156 fides
573 2114 736 2147 exsoluta
762 2116 820 2147 est.

166 2161 309 2206 citatos]
336 2160 448 2195 naml.
476 2161 703 2202 nominatim,
730 2160 865 2194 ebenso

168 2258 222 2289 13.
261 2254 388 2300 causa]
426 2265 530 2289 wozu
556 2254 683 2289 Grund
710 2254 778 2298 sei,
812 2265 866 2288 er-

121 2301 226 2346 giebt
271 2301 335 2336 der
379 2302 718 2346 Zusammenhang;
770 2301 866 2336 doch

120 2360 234 2392 Sagen
263 2348 330 2382 w‘ir
355 2348 509 2383 (leutsch
531 2360 694 2393 genauer
716 2348 864 2383 ‘Behin-

121 2395 439 2440 derungsgrund’3
467 2396 601 2430 ebenso
632 2399 684 2437 18,
712 2400 743 2430 7.

167 2443 250 2487 erit]
284 2443 358 2476 und
391 2442 587 2476 weiterhin
618 2443 754 2484 facient
785 2443 867 2477 sind

120 2489 381 2524 beibehaltcne
404 2489 561 2523 Formen
587 2489 652 2523 der
678 2500 727 2523 or.
755 2491 867 2524 recta.

167 2537 317 2581 stantes]
342 2536 489 2571 bezieht
508 2536 586 2570 sich
607 2536 674 2569 auf
689 2536 748 2570 die
769 2547 867 2578 cena,

121 2584 183 2618 bei
203 2583 362 2618 welcber
381 2583 460 2617 sich
482 2583 546 2617 der
561 2582 689 2616 Soldat
709 2583 867 2627 bequcm

121 2631 276 2675 lagerte.
316 2630 439 2664 Justin
466 2629 539 2673 (32,
567 2634 599 2672 4,
629 2632 683 2672 10)
715 2630 795 2664 lobt
821 2641 865 2664 an

122 2677 328 2720 Hannibal,
361 2677 443 2711 dass
471 2689 510 2711 er
542 2677 663 2710 weder
695 2678 761 2710 auf
786 2676 869 2711 dem

125 2724 350 2769 Kriegszuge
376 2725 413 2758 in
441 2723 584 2765 Italion,
613 2724 708 2757 noch
735 2727 870 2767 spater,

122 2771 178 2805 als
200 2783 238 2805 er
258 2783 301 2805 zu
322 2771 444 2805 Hause
465 2771 523 2805 die
551 2771 705 2805 hochste
727 2770 870 2805 Gewalt

122 2818 160 2851 in
180 2818 336 2853 Handen
363 2818 480 2860 hatte,
507 2818 694 2852 cubantem
718 2828 868 2852 cenasse.

170 2866 299 2909 multa]
334 2865 535 2909 eigcntlich
562 2864 789 2907 Geldstrafe,
822 2864 870 2899 ist

124 2910 204 2945 hier
230 2911 378 2956 allgem.
407 2929 450 2940 =
473 2923 601 2956 poena.

987 1405 1041 1439 ita
1067 1425 1110 1429 —
1137 1403 1185 1449 si]
1223 1421 1267 1432 =
1293 1403 1355 1438 bei
1387 1403 1452 1437 der
1484 1403 1585 1447 Lage
1623 1401 1688 1436 der

939 1452 1070 1495 Dinge,
1099 1463 1222 1486 wenn:
1249 1451 1413 1485 insofern
1438 1461 1544 1484 wenn
1565 1450 1688 1494 (unter

940 1499 1004 1534 der
1014 1498 1238 1543 Bedingung
1249 1498 1347 1542 dass)
1358 1513 1365 1540 3
1388 1497 1462 1542 vgl.
1475 1501 1531 1539 37,
1543 1501 1574 1531 7.
1589 1500 1644 1540 38,
1654 1500 1686 1531 8.

986 1546 1192 1591 desiynare]
1253 1544 1462 1580 ‘kenntlich
1512 1543 1684 1578 machen’

940 1593 1008 1628 wie
1035 1592 1068 1636 4,
1094 1597 1149 1636 29,
1175 1597 1194 1627 6
1223 1592 1435 1627 Postumius
1459 1592 1564 1626 nulla
1590 1591 1688 1625 tristi

938 1645 1026 1675 nota
1057 1644 1107 1675 est
1145 1641 1365 1684 insiynitus;
1403 1638 1595 1673 mehrfach
1630 1639 1686 1672 in-

938 1689 1055 1733 siynz's
1079 1691 1178 1722 nota.

990 1739 1042 1769 14.
1078 1738 1268 1779 ponantes
1293 1734 1367 1779 ay]
1401 1733 1570 1778 haufiger
1595 1744 1688 1768 wer-

940 1782 1011 1817 den
1042 1783 1136 1824 ferre
1163 1794 1196 1815 u.
1224 1792 1328 1825 ayere
1353 1784 1398 1823 (Z.
1425 1781 1464 1814 B.
1491 1780 1558 1822 22,
1586 1784 1624 1822 3,
1653 1782 1687 1823 7)

939 1829 1316 1873 zusammengestellt,
1343 1827 1402 1862 ein
1428 1828 1571 1870 Ausdr„
1599 1827 1688 1861 wel-

938 1877 1026 1910 cher
1052 1876 1137 1910 dem
1157 1875 1295 1920 griech.
1327 1872 1435 1928 ἄγειν
1461 1874 1525 1908 καὶ
1555 1873 1688 1918 φέρειν

939 1923 1202 1967 nachgebildet
1235 1935 1281 1956 zu
1310 1923 1387 1956 sein
1420 1922 1580 1964 scheint,
1613 1921 1688 1965 vgl

939 1970 1092 2013 3S,18,
1126 1974 1168 2004 15
1201 1981 1293 2013 quae
1322 1970 1417 2012 ferie
1449 1972 1554 2013 atque
1586 1979 1689 2013 ayere

936 2021 1090 2061 possunt
1104 2028 1197 2061 prae
1216 2028 1251 2051 se
1271 2019 1413 2061 ayentes
1430 2019 1690 2060 portantesque

943 2064 1133 2110 Olympum
1158 2067 1310 2098 montem
1333 2067 1474 2107 petunt.

990 2116 1043 2146 15.
1081 2112 1171 2156 non]
1206 2128 1250 2139 =
1285 2111 1374 2145 ‘und
1412 2110 1528 2154 (aber)
1568 2109 1685 2145 nicht’

940 2159 976 2193 in
1003 2159 1173 2194 scharfen
1199 2171 1233 2192 u.
1260 2158 1397 2192 kurzen
1422 2157 1687 2202 Gegensatzen.

990 2210 1042 2241 17.
1088 2206 1267 2250 omnibus]
1307 2206 1390 2240 Dat.
1425 2221 1469 2233 =
1502 2205 1546 2240 ab
1582 2215 1688 2247 omn„

939 2253 1008 2288 den
1049 2254 1088 2288 L.
1129 2253 1190 2287 bei
1227 2264 1324 2297 pass.
1357 2252 1457 2286 Part.
1495 2263 1589 2297 ganz
1627 2263 1688 2296 ge-

940 2300 1126 2335 wohnlich
1154 2302 1257 2335 setzt.

988 2349 1025 2381 in
1042 2347 1258 2392 propatulo]
1284 2347 1368 2381 dem
1383 2357 1507 2390 sogen.
1524 2346 1688 2387 Atrium

940 2394 1000 2438 25,
1031 2399 1092 2438 12,
1121 2399 1163 2428 15
1202 2395 1338 2437 apertis
1372 2394 1498 2428 ianuis
1530 2394 1568 2427 in
1600 2403 1688 2436 pro-

935 2443 1079 2486 patulis
1104 2442 1243 2485 epulati
1266 2443 1361 2475 sunt.

988 2489 1132 2532 epulari
1165 2487 1296 2532 perm]
1337 2490 1439 2521 sonst
1476 2486 1536 2521 bei
1570 2487 1609 2521 L.
1649 2490 1689 2520 ut

941 2536 1029 2570 oder
1050 2535 1190 2569 blosser
1203 2535 1322 2579 Conj.;
1343 2534 1418 2577 vgl.
1440 2532 1512 2568 Cic.
1534 2533 1571 2567 in
1585 2533 1688 2568 Verr.

941 2584 963 2617 5
985 2587 1003 2623 ἓ
1025 2586 1069 2616 22
1096 2582 1280 2616 iudicibus
1306 2582 1547 2615 coniecturam
1573 2581 1690 2623 faeere

935 2630 1156 2673 permittam.
1209 2628 1314 2662 Corn.
1351 2628 1442 2671 Nep.
1478 2627 1563 2661 Con.
1594 2632 1632 2670 4,
1670 2632 1687 2661 1

942 2677 975 2710 ei
998 2677 1179 2719 permisit,
1207 2687 1307 2719 quem
1335 2676 1450 2717 vellet,
1483 2675 1609 2719 eligere
1642 2676 1691 2709 ad

942 2724 1226 2766 dispensandam
1250 2723 1453 2766 pecuniam.

995 2774 1046 2804 18.
1071 2770 1230 2814 pilleati]
1258 2782 1291 2803 u.
1313 2770 1402 2803 lana
1428 2769 1514 2803 alba
1535 2769 1589 2802 als
1611 2769 1688 2803 Zei-

945 2817 1036 2851 chen
1063 2818 1128 2850 der
1154 2815 1329 2858 Freiheit,
1356 2816 1428 2860 vgl.
1457 2820 1519 2859 32,
1547 2820 1567 2850 9
1595 2817 1691 2850 servi

943 2865 991 2897 ad
1023 2864 1175 2907 pilleum
1206 2864 1344 2903 vocati;
1387 2864 1481 2897 auch
1511 2863 1575 2898 der
1613 2863 1691 2898 Hut

943 2922 1018 2945 war
1044 2921 1161 2944 weiss.

1710 315 1751 346 12

1711 552 1754 583 13

1712 729 1755 759 14

1713 847 1754 879 15

1712 966 1755 996 16

1713 1025 1754 1056 17

1715 1261 1756 1292 18
