1882 3163
101 1022 160 1065 45

168 85 222 127 88
636 84 782 120 LIBER,
806 84 937 120 XXIII.
988 85 1090 120 CAP.
1117 89 1171 120 44.
1199 89 1254 122 45.

1565 103 1590 122 a.
1609 104 1639 122 u.
1659 97 1721 123 539.

165 194 283 236 tione
303 194 486 248 perculsi
507 193 749 235 ceciderunt
774 193 888 234 haud
907 194 1004 248 plus
1025 209 1152 249 quam
1177 194 1371 250 triginta,
1396 194 1580 236 Romani
1600 196 1722 250 quin-

125 265 145 296 6
166 253 385 308 quaginta.
433 253 570 294 imber
601 253 824 294 continens
854 267 931 306 per
960 256 1131 295 noctem
1162 256 1300 295 totam
1333 268 1465 308 usque
1492 254 1545 295 ad
1570 253 1721 296 horam

165 313 339 353 tertiam
365 311 449 353 diei
474 311 737 366 insequentis
763 311 921 353 tenuit:
948 312 1107 368 itaque,
1133 327 1389 367 quamquam
1416 315 1596 368 utraque
1622 328 1723 368 pars

169 370 283 412 avidi
303 370 549 412 certaminis
577 372 711 425 erant,
738 385 786 412 eo
813 371 879 412 die
904 374 1133 414 tenuerunt
1152 386 1242 413 sese
1263 375 1407 414 tamen
1430 372 1720 414 munimentis.

167 430 294 472 tertio
327 429 393 471 die
418 429 638 472 Hannibal
669 432 835 484 partem
868 430 1085 484 copiarum
1110 430 1361 485 praedatum
1388 431 1433 472 in
1458 445 1610 486 agrum
1636 430 1720 473 No-

129 490 316 531 7lanum
348 489 478 530 misit.
530 489 643 544 quod
680 489 755 530 ubi
794 489 1099 531 animadvertit
1137 490 1385 543 Marcellus,
1431 491 1642 545 extemplo
1680 491 1726 531 in

170 549 304 590 aciem
343 548 487 603 copias
527 548 689 604 eduxit3
732 562 870 603 neque
906 547 1124 590 Hannibal
1166 548 1431 590 detractavit.
1482 549 1599 590 mille
1638 549 1727 590 fere

169 622 375 662 passuum
413 608 524 648 inter
562 607 713 649 urbem
752 610 876 648 erant
913 611 1157 663 castraque:
1200 623 1248 650 eo
1289 609 1427 662 spatio
1463 633 1512 638 —
1549 611 1591 649 et
1626 610 1727 650 sunt

130 678 151 709 8
172 667 316 709 omnia
348 667 486 721 campi
526 666 636 708 circa
666 665 823 709 Nolam
859 692 907 696 —
945 670 1260 709 concurrerunt.
1311 667 1472 708 clamor
1509 682 1560 708 ex
1604 670 1726 721 parte

170 728 352 781 utraque
384 726 579 768 sublatus
618 726 837 780 proximos
870 740 921 767 ex
959 727 1208 768 cohortibus
1246 727 1315 779 iis,
1362 741 1469 781 quae
1513 726 1559 767 in
1600 740 1728 781 agros

171 786 425 840 praedatum
469 785 677 835 exierant,
722 785 774 826 ad
817 785 1026 839 proelium
1067 785 1153 826 iam
1194 786 1471 827 commissum
1503 785 1730 827 revocavit.

132 856 152 887 9
174 847 216 886 et
245 844 404 886 Nolani
443 845 575 886 aciem
617 843 858 885 Romanam
896 847 1118 898 auxerunt,
1164 859 1268 899 quos
1308 844 1586 886 conlaudatos
1617 843 1732 885 Mar-

174 904 306 945 cellus
332 904 375 944 in
401 904 603 945 subsidiis
631 905 744 944 stare
771 905 814 944 et
845 903 1012 945 saucios
1045 917 1095 944 ex
1128 903 1217 945 acie
1243 903 1390 945 efferre
1416 903 1552 957 iussit,
1583 917 1732 958 pugna

175 963 402 1017 abstinere,
434 962 479 1003 ni
512 963 565 1003 ab
599 976 642 1003 se
676 962 846 1017 signum
879 962 1154 1016 accepissent.

292 1020 509 1063 Proelium
541 1023 633 1062 erat
666 1035 838 1075 anceps:
871 1036 1038 1062 summa
1069 1021 1111 1062 vi
1143 1023 1185 1062 et
1217 1021 1342 1062 duces
1374 1021 1657 1062 hortabantur
1691 1024 1734 1062 et

175 1081 335 1122 milites
369 1080 633 1136 pugnabant.
682 1080 908 1121 Marcellus
939 1080 1063 1122 victis
1089 1083 1188 1121 ante
1214 1080 1324 1121 diem
1351 1080 1537 1131 tertium,
1568 1079 1732 1134 fugatis

176 1143 274 1181 ante
306 1154 465 1195 paucos
505 1139 593 1181 dies
628 1154 652 1180 a
685 1138 853 1194 Cumis,
897 1139 1034 1194 pulsis
1078 1139 1220 1193 priore
1265 1154 1376 1180 anno
1422 1139 1475 1180 ab
1520 1137 1634 1180 Nola
1678 1139 1731 1180 ab

135 1211 155 1241 2
177 1199 325 1241 eodem
359 1213 402 1240 se
435 1199 538 1240 duce
570 1198 705 1240 milite
739 1199 824 1240 alio
863 1198 1027 1240 instare
1065 1199 1199 1239 iubet:

1244 1197 1343 1239 Non
1381 1198 1519 1239 omnis
1558 1212 1650 1239 esse
1688 1198 1734 1239 in

177 1259 284 1314 acie,
315 1258 560 1313 praedantis
588 1258 736 1313 vagari
767 1258 812 1299 in
838 1257 970 1312 agris3
1002 1260 1044 1299 et
1070 1257 1141 1312 qui
1168 1259 1371 1313 pugnent,
1396 1271 1583 1298 marcere
1611 1255 1737 1298 Cam-

177 1332 291 1372 pana
332 1317 516 1371 luxuria,
561 1317 661 1359 vino
704 1319 746 1358 et
784 1317 936 1359 scortis
975 1318 1256 1372 omnibusque
1293 1316 1441 1358 lustris
1479 1330 1556 1370 per
1595 1318 1735 1358 totam

136 1389 156 1420 3
177 1377 361 1418 hiemem
395 1376 626 1418 confectos.
678 1376 816 1418 abisse
848 1376 967 1417 illam
999 1377 1087 1418 vim
1119 1376 1413 1430 vigoremque,
1446 1375 1610 1429 dilapsa
1642 1389 1734 1416 esse

177 1436 333 1478 robora
377 1449 603 1489 corporum
642 1436 983 1490 animorumque,
1028 1435 1182 1490 quibus
1226 1434 1437 1489 Pyrenaei
1481 1434 1739 1489 Alpiumque

181 1497 381 1549 superata
414 1495 500 1536 sint
530 1495 641 1550 iuga.
692 1495 895 1549 reliquias
928 1495 1101 1551 illorum
1133 1495 1321 1535 virorum
1354 1494 1425 1534 vix
1457 1508 1578 1534 arma
1608 1508 1736 1534 mern-

137 1566 159 1596 4
178 1554 338 1609 braque
371 1553 623 1595 sustinentis
655 1567 858 1608 pugnare.
909 1552 1101 1608 Capuam
1132 1553 1370 1594 Hannibali
1396 1551 1566 1594 Cannas
1592 1552 1735 1594 fuisse.

179 1613 241 1655 ibi
273 1613 475 1654 virtutem
508 1613 718 1666 bellicam,
749 1612 810 1654 ibi
842 1612 1073 1654 militarem
1105 1612 1392 1666 disciplinam,
1423 1611 1484 1652 ibi
1516 1611 1737 1665 praeteriti

179 1672 388 1726 temporis
419 1671 594 1725 famam,
625 1672 685 1712 ibi
718 1686 837 1726 spem
869 1671 1003 1712 futuri
1036 1671 1279 1712 extinctam.

299 1729 406 1772 Cum
438 1731 543 1772 haec
580 1730 876 1785 exprobrando
914 1730 1031 1772 hosti
1067 1730 1295 1771 Marcellus
1342 1744 1515 1770 suorum
1553 1729 1738 1770 militum

232 1876 265 1906 6.
292 1870 423 1916 tenuit]
453 1869 628 1914 „dauerte
649 1881 707 1911 an,
729 1870 823 1904 hielt
842 1872 926 1911 an“,

184 1918 363 1953 zuweilen
388 1917 450 1952 bei
476 1917 554 1952 Liv.
582 1920 629 1961 (2,
650 1922 683 1960 3,
706 1921 744 1959 ὃς
774 1921 806 1959 3,
830 1921 885 1962 19,
906 1921 925 1951 2

184 1965 259 2000 und
285 1968 342 2008 47,
368 1969 405 2007 63
437 1968 492 2008 36,
514 1968 568 2008 19,
591 1969 630 2008 53
657 1969 712 2008 40,
734 1967 767 2006 8,
788 1966 858 2007 20).
883 1984 926 1989 -

186 2012 305 2058 avidi]
340 2011 574 2047 Constructio
607 2012 655 2046 ad
680 2012 925 2055 intellectum,

184 2061 281 2094 nach
301 2070 393 2104 pars
418 2059 544 2104 Regel.

235 2111 265 2141 7.
299 2106 530 2151 detractavit]
565 2106 680 2141 absol.
714 2105 817 2148 „sich
843 2105 928 2140 wei-

187 2155 299 2198 gern“
327 2154 375 2197 (2,
389 2157 445 2195 46,
462 2157 498 2195 13
525 2157 556 2192 3,
573 2156 629 2195 38,
648 2154 717 2196 12),
743 2152 927 2197 gewohnl.

186 2200 257 2235 mit
282 2200 366 2234 Acc.
395 2201 596 2244 (certamen,
617 2201 797 2244 puynam)
823 2210 927 2243 „ver-

187 2247 382 2291 weigern“.

236 2294 370 2338 campi]
399 2293 546 2336 offenes,
573 2293 709 2328 flaches
735 2293 838 2327 Feld.

236 2345 269 2377 8.
303 2352 346 2376 ex
371 2340 519 2386 cohort]
552 2340 732 2374 romische
758 2339 929 2374 Bezeich-

189 2399 292 2432 nung
317 2388 375 2422 fiir
401 2400 487 2432 pun.
514 2387 904 2431 Heeresabteilungen.

238 2441 269 2471 9.
303 2446 346 2470 ex
373 2435 464 2480 acie]
499 2445 594 2477 „aus
622 2435 686 2469 der
712 2433 932 2476 Schlacht“,

190 2483 352 2518 insofern
390 2482 478 2517 sich'
510 2481 670 2517 dieselbe
702 2481 794 2515 iiber
824 2480 932 2515 einen

191 2531 310 2564 Raum
350 2529 548 2572 erstreckt,
587 2528 826 2563 verschieden
860 2538 933 2562 von

187 2578 380 2622 proelium,
405 2577 529 2619 aciem,
553 2586 694 2621 pugna.

239 2624 302 2659 45.
337 2628 367 2659 1.
393 2624 513 2669 vietis]
540 2622 814 2667 {ibertreibend,
840 2621 933 2666 Kap.

192 2675 249 2714 44,
277 2674 308 2705 5.
336 2690 379 2696 —-
406 2683 430 2705 a
456 2670 595 2716 Cumis]
624 2670 719 2714 Kap.
746 2673 802 2713 37,
829 2673 860 2703 9.
888 2689 931 2694 —

193 2718 345 2764 instare]
366 2717 504 2752 blosser
518 2717 585 2752 lnf.
601 2717 660 2751 bei
680 2717 789 2758 iubet,
809 2715 933 2750 indem

195 2765 260 2799 das
293 2764 448 2810 Subjekt
485 2764 563 2799 sich
601 2764 718 2799 leicht
751 2775 816 2798 aus
850 2763 933 2798 dem

195 2811 515 2856 Zusammenhang
540 2811 693 2856 ergiebt.

244 2861 275 2892 2.
296 2858 530 2903 praedantis]
551 2858 801 2893 adversatives
817 2857 932 2900 Asyn·

1001 1869 1124 1913 deton,
1151 1869 1286 1904 ebenso
1306 1872 1325 1910 ἓ
1347 1873 1366 1903 6
1385 1869 1545 1911 militem,
1571 1868 1740 1914 dagegen

1001 1920 1020 1958 ξ
1040 1918 1069 1951 4·
1089 1916 1326 1951 erklarendes
1352 1916 1580 1960 Asyndeton.

1049 1975 1189 2020 lustris]
1223 2002 1244 2018 „
1254 1974 1603 2019 Ausschweifungen
1612 1976 1649 2016 “3
1683 1977 1740 2017 26,

1001 2027 1034 2066 2,
1062 2026 1117 2058 15.
1162 2021 1265 2057 Paul.
1299 2021 1401 2057 Diac.
1433 2033 1468 2066 p.
1501 2025 1584 2056 120:
1624 2022 1744 2056 lustra

1000 2070 1211 2114 siynificant
1224 2070 1376 2104 lacunas
1391 2070 1539 2111 lutosas,
1550 2080 1642 2113 quae
1655 2072 1742 2103 sunt

1000 2117 1042 2151 in
1060 2117 1162 2151 silvis
1187 2126 1361 2160 aprorum
1379 2116 1516 2150 cubilia
1536 2115 1736 2158 (Pffitzen);

1002 2175 1025 2198 α
1050 2174 1123 2207 qua
1146 2163 1387 2197 similitudine
1410 2163 1466 2204 hi,
1498 2163 1562 2206 qui
1589 2163 1630 2196 in
1656 2162 1744 2196 locis

1002 2210 1136 2245 abditis
1167 2213 1198 2243 et
1230 2210 1388 2244 sordidis
1424 2210 1542 2244 ventri
1571 2213 1604 2244 et
1633 2210 1741 2254 yuzae

1000 2268 1146 2301 operam
1183 2257 1291 2299 dant,
1329 2257 1503 2291 dicuntur
1539 2257 1581 2290 in
1615 2257 1740 2291 lustris

1002 2305 1113 2338 vitam
1138 2314 1249 2348 ayere.

1050 2365 1082 2396 3.
1100 2362 1260 2407 dilapsa]
1281 2361 1513 2405 ‚,zerfallen“‚
1535 2361 1739 2396 sallustian.

1003 2409 1121 2444 Wort.
1149 2429 1193 2434 —
1222 2409 1416 2455 Pyrenaei]
1445 2408 1563 2452 Sing.,
1590 2409 1658 2443 wie
1684 2413 1743 2451 21,

1005 2460 1061 2499 30,
1089 2461 1108 2490 6
1142 2457 1228 2501 (vgl.
1262 2456 1537 2500 Appenninus);
1576 2455 1742 2490 daneben

1007 2504 1218 2550 Pyrenaeus
1254 2504 1369 2537 saltus
1406 2505 1483 2546 (21,
1510 2506 1572 2546 23,
1598 2504 1633 2546 4)
1668 2503 1744 2536 und

1005 2550 1185 2596 Pyrenaei
1210 2554 1342 2585 montes
1366 2552 1436 2593 (21,
1464 2553 1519 2592 23,
1546 2551 1593 2594 2).

1053 2613 1085 2643 4.
1109 2610 1162 2644 ibi
1183 2637 1189 2644 .
1207 2638 1213 2644 .
1230 2637 1237 2644 .
1258 2609 1469 2654 extinctam]
1490 2608 1652 2642 Beachte
1673 2607 1746 2641 den

1006 2656 1180 2691 Wechsel
1218 2656 1400 2690 zwischen
1430 2655 1631 2699 Anaphora
1667 2655 1740 2688 und

1006 2702 1211 2739 Chiasmus

1053 2766 1085 2797 5.
1109 2761 1379 2807 eaeprobrando]
1401 2759 1622 2804 ‚‚v0rwarf“‚
1642 2759 1746 2794 nicht

1005 2809 1043 2843 in
1058 2810 1241 2853 streugam
1258 2808 1381 2849 Sinne,
1396 2809 1444 2842 da
1457 2806 1515 2842 die
1531 2805 1669 2841 Feinde
1685 2806 1749 2840 die>

1005 2856 1133 2891 Worte
1161 2856 1223 2890 des
1249 2855 1445 2890 Marcellus
1471 2853 1575 2888 nicht
1599 2853 1745 2888 horten.
