1882 3163
157 94 215 135 24
631 95 780 130 LIBER·
805 96 954 131 XXIIII.
994 95 1094 131 CAP.
1123 101 1177 133 13.
1211 100 1264 132 14.

1509 115 1534 133 a.
1560 115 1587 132 u.
1615 115 1639 133 e.
1664 109 1727 134 540.

163 203 267 257 sint,
305 203 420 244 haud
459 203 591 244 ullam
630 203 960 245 intercessuram
991 219 1175 258 moram,
1215 205 1316 259 quin
1349 205 1450 246 urbs
1486 207 1528 247 in
1551 210 1727 259 potesta-

162 266 239 303 tem
273 263 360 304 eius
393 263 605 303 tradatur:
639 263 683 303 in
715 265 930 316 potestate
957 263 1171 305 iuniorum
1197 263 1382 317 plebem,
1415 264 1457 305 in
1484 279 1612 306 manu
1638 264 1726 320 ple-

109 332 131 361 4
161 321 227 362 bis
259 335 349 362 rem
376 321 656 362 Tarentinam
689 336 792 363 esse.
842 321 1061 363 Hannibal
1094 322 1374 364 conlaudatos
1407 337 1479 364 eos
1513 327 1724 365 oneratos-

161 394 243 434 que
284 379 533 435 ingentibus
572 380 796 433 promissis
829 381 1001 423 domum
1035 381 1088 422 ad
1121 384 1272 436 coepta
1302 382 1557 423 maturanda
1585 382 1726 423 redire

161 438 298 480 iubet:
344 453 388 480 se
432 439 477 479 in
520 441 712 493 tempore
757 439 1003 481 adfuturum
1047 455 1151 482 esse.
1202 441 1280 481 hac
1319 455 1415 481 cum
1454 456 1528 495 spe
1558 440 1727 482 dimissi

111 508 132 538 5
160 497 394 539 Tarentini.
444 498 584 551 ipsum
629 498 781 553 ingens
826 499 978 553 cupido
1021 499 1254 540 incesserat
1297 498 1475 540 Tarenti
1516 499 1727 553 potiundi,

159 556 309 597 urbem
338 571 428 598 esse
454 557 627 598 videbat
653 572 748 598 cum
776 558 1020 612 opulentam
1047 559 1320 612 nobilemque
1346 561 1437 599 tum
1464 558 1726 600 maritimam

160 618 204 656 et
233 616 277 656 in
297 614 594 657 Macedoniam
620 619 858 670 opportune
885 631 1070 667 versam,
1096 631 1325 672 regemque
1345 617 1593 671 Philippum
1613 617 1727 659 hunc

159 677 351 729 portum,
394 675 431 715 si
463 675 665 717 transiret
695 676 741 716 in
772 675 961 728 Italiam,
1006 677 1201 728 quoniam
1232 675 1509 717 Brundisium
1542 676 1728 718 Romani

113 743 133 773 6
158 733 386 787 haberent,
424 733 671 787 petiturum.
722 749 843 776 sacro
876 735 974 775 inde
1006 737 1270 788 perpetrato,
1309 739 1359 775 ad
1393 735 1505 789 quod
1537 739 1729 789 venerat,

160 796 220 846 et,
261 793 362 834 dum
399 793 460 834 ibi
499 796 707 845 moratur,
752 795 997 847 pervastato
1038 807 1141 848 agro
1175 793 1364 835 Cumano
1398 809 1531 848 usque
1565 794 1618 835 ad
1648 793 1726 835 Mi-

160 852 251 893 seni
290 852 656 905 promunturium,
695 851 900 893 Puteolos
932 855 1106 906 repente
1140 866 1296 907 agmen
1329 853 1539 894 convertit
1570 853 1624 894 ad
1656 867 1730 907 op—

111 920 131 951 7
159 911 433 965 primendum
470 911 732 964 praesidium
765 910 1021 952 Romanum.
1072 925 1143 952 sex
1182 911 1303 952 milia
1339 911 1563 952 hominum
1595 915 1730 966 erant,

161 972 204 1011 et
234 970 354 1011 locus
387 970 654 1010 munimento
689 984 873 1024 quoque,
905 984 993 1011 non
1024 972 1180 1011 natura
1210 970 1337 1011 modo
1363 972 1492 1012 tutus.
1540 971 1729 1012 triduum

160 1028 223 1070 ibi
255 1031 447 1070 moratus
474 1028 642 1070 Poenus
675 1029 728 1069 ab
761 1029 877 1069 omni
910 1031 1031 1082 parte
1063 1031 1276 1082 temptato
1304 1029 1535 1083 praesidio,
1567 1029 1731 1083 deinde,

161 1092 210 1128 ut
239 1087 348 1128 nihil
381 1087 656 1141 procedebat,
690 1087 742 1128 ad
773 1087 1066 1141 populandum
1101 1101 1250 1142 agrum
1278 1086 1616 1141 Neapolitanum
1642 1103 1732 1129 ma-

114 1156 134 1187 8
162 1146 227 1202 gis
268 1146 333 1187 ira
373 1161 500 1201 quam
537 1146 771 1200 potiundae
809 1147 926 1187 urbis
966 1161 1040 1200 spe
1073 1146 1296 1200 processit.
1347 1146 1531 1188 adventu
1564 1147 1653 1188 eius
1685 1147 1728 1189 in

163 1206 419 1259 propincum
464 1219 615 1260 agrum
646 1207 764 1246 mota
790 1204 963 1246 Nolana
995 1208 1061 1246 est
1092 1205 1230 1259 plebs,
1275 1205 1361 1246 iam
1393 1205 1464 1246 diu
1496 1220 1645 1247 aversa
1677 1206 1731 1247 ab

162 1264 373 1306 Romanis
408 1267 450 1305 et
481 1264 639 1305 infesta
672 1264 839 1305 senatui
871 1279 960 1305 suo.
1009 1265 1152 1318 itaque
1184 1265 1316 1319 legati
1349 1264 1402 1305 ad
1435 1264 1732 1306 arcessendum

162 1322 453 1364 Hannibalem
492 1338 586 1364 cum
625 1323 739 1364 haud
778 1323 906 1364 dubio
946 1324 1157 1377 promisso
1190 1323 1423 1364 tradendae
1455 1323 1575 1364 urbis
1608 1338 1730 1365 vene-

116 1392 135 1423 9
165 1385 276 1423 runt.
325 1383 546 1436 praevenit
571 1383 788 1436 inceptum
815 1397 962 1423 eorum
983 1382 1210 1423 Marcellus
1244 1382 1391 1423 consul
1419 1397 1443 1422 a
1469 1382 1733 1436 primoribus

165 1441 338 1482 accitus.
391 1441 456 1482 die
494 1456 579 1482 uno
613 1439 860 1482 Suessulam
899 1456 923 1481 a
956 1440 1150 1495 Calibus,
1194 1455 1289 1482 cum
1321 1441 1560 1482 Vulturnus
1594 1441 1732 1482 amnis

95 1510 138 1541 10
164 1500 433 1541 traicientem
459 1503 651 1541 moratus
679 1503 807 1552 esset,
840 1500 1134 1553 contenderat·
1161 1499 1259 1540 inde
1285 1500 1481 1553 proxima
1506 1502 1632 1541 nocte
1660 1515 1733 1541 sex

164 1559 286 1599 milia
317 1559 510 1613 peditum
545 1559 707 1613 equites
741 1560 995 1612 quinyentos,
1026 1560 1097 1611 qui
1129 1558 1344 1612 praesidio
1378 1559 1545 1599 senatui
1578 1561 1734 1611 essent,

168 1617 325 1659 Nolam
352 1618 597 1658 intromisit.
647 1620 689 1658 et
709 1618 771 1658 uti
795 1632 820 1658 a
846 1618 1020 1658 consule
1048 1617 1193 1658 omnia
1219 1617 1387 1671 inpigre
1413 1617 1529 1658 facta
1555 1623 1654 1658 sunt
1680 1593 1734 1658 ad

167 1676 566 1742 praeoccupandam
598 1676 773 1730 Nolam,
805 1677 866 1717 ita
891 1676 1105 1717 Hannibal
1138 1678 1306 1729 tempus
1338 1675 1522 1729 terebat,
1553 1676 1619 1717 bis
1646 1677 1734 1717 iam

168 1738 267 1776 ante
281 1735 541 1789 nequiquam
561 1738 773 1789 temptata
787 1750 831 1775 re
854 1735 1025 1789 segnior
1041 1734 1092 1775 ad
1113 1734 1369 1775 credendum
1384 1709 1565 1776 Nolariis
1580 1735 1734 1776 factus

97 1793 153 1834 14
287 1794 444 1835 Iisdem
478 1794 626 1835 diebus
661 1797 702 1835 et
729 1793 775 1842 Q.
802 1793 962 1835 Fabius
995 1793 1145 1835 consul
1178 1793 1229 1834 ad
1252 1791 1488 1834 Casilinum
1519 1796 1734 1848 temptan-

99 1651 141 1681 11

213 1926 246 1956 4.
286 1922 442 1966 onerati]
470 1921 545 1966 vgl.
572 1921 633 1965 25,
663 1925 695 1964 8,
721 1926 741 1956 6
768 1922 915 1956 conlau-

166 1970 246 2003 dati·
271 1970 481 2012 oneratique
496 1969 686 2012 promissis
705 1969 779 2002 und
802 1980 840 2003 so
863 1969 917 2003 oft

165 2033 209 2044 =
225 2016 473 2050 ‘reichlich
493 2016 563 2050 mit
577 2018 692 2050 etwas
706 2015 913 2050 versehen’.

214 2066 245 2097 5.
291 2063 500 2108 incesserat]
540 2064 661 2107 ipsum
692 2064 823 2107 cupido
859 2064 914 2097 in-

169 2114 320 2144 cesserat
347 2110 480 2153 (woffir
500 2110 537 2144 L.
560 2110 655 2144 auch
675 2111 698 2143 i.
721 2120 748 2144 c.
775 2113 917 2153 ceperat

168 2159 266 2201 sagt)
292 2157 342 2191 ist
370 2157 430 2190 die
455 2156 517 2191 bei
543 2157 583 2191 L.
617 2157 794 2191 stehende
822 2155 914 2191 Con-

169 2204 349 2238 struction
377 2204 447 2237 mit
466 2204 678 2237 Ausnahme
705 2215 776 2237 von
800 2202 835 2246 4,
857 2207 913 2245 57,

171 2254 226 2294 10,
252 2261 308 2284 wo
336 2250 414 2284 sich
441 2250 504 2284 der
530 2250 641 2284 Dativ
667 2250 798 2284 findet:
825 2261 914 2284 cura

162 2298 337 2342 patribus
363 2298 516 2332 incessit.

215 2344 414 2389 reyenzque]
454 2355 519 2388 que
551 2343 600 2378 ist
631 2343 711 2377 hier
745 2343 915 2387 folgernd

171 2392 262 2426 ‘und
283 2392 411 2426 daher'
435 2391 504 2425 wie
520 2395 577 2434 25,
593 2395 634 2424 11
660 2390 751 2424 ‘und
765 2390 914 2432 sosoi-1:²3

1037 1925 1067 1955 9.
1096 1921 1190 1965 cum]
1221 1920 1443 1965 ‘obgleieh’:
1471 1920 1586 1955 durch
1609 1920 1734 1955 diesen

989 1969 1119 2002 Zusatz
1138 1967 1231 2002 wird
1252 1968 1310 2002 die
1331 1979 1377 2002 an
1398 1967 1475 2002 sich
1503 1967 1735 2002 bedeutende

987 2015 1167 2060 Leistung
1181 2015 1244 2049 des
1265 2015 1472 2049 romischen
1486 2014 1625 2049 Heeres
1638 2015 1734 2049 noch

989 2062 1131 2096 erhoht.

1039 2114 1092 2143 11.
1112 2109 1256 2153 segnior
1269 2108 1333 2153 ad]
1349 2108 1422 2152 vgl.
1441 2107 1501 2151 44,
1518 2112 1572 2151 1⁶2,
1587 2112 1609 2142 4
1626 2119 1731 2151 prae-

988 2159 1045 2190 tor
1075 2157 1217 2200 sequior
1243 2156 1291 2189 ad
1319 2156 1397 2189 alia
1426 2156 1546 2196 factus
1580 2155 1734 2189 consilia

988 2206 1073 2237 erat.
1125 2203 1173 2236 ad
1206 2202 1300 2235 nach
1332 2201 1451 2235 einem
1483 2201 1565 2245 Adj.
1599 2201 1735 2236 drfickt

988 2249 1047 2283 die
1074 2249 1285 2292 Beziehung
1310 2259 1391 2289 aus,
1418 2248 1455 2281 in
1482 2248 1641 2282 welcher
1666 2249 1732 2283 das

989 2295 1073 2340 Adj.
1089 2297 1182 2330 statt
1194 2295 1276 2329 hat:
1290 2294 1349 2329 ein
1358 2293 1589 2329 Graecismus
1601 2293 1734 2339 (πρός),

989 2343 1058 2377 den
1074 2343 1113 2376 L.
1135 2343 1219 2376 sehr
1238 2342 1293 2376 oft
1312 2341 1508 2376 anwendet
1522 2342 1632 2386 (auch
1646 2342 1734 2384 Cic„

988 2390 1062 2424 und
1082 2391 1205 2432 facilis
1219 2390 1267 2423 acl
1287 2389 1561 2433 intelleyendum
1575 2389 1625 2423 ist
1640 2401 1735 2443 ganz

169 2443 226 2482 31,
253 2443 293 2473 11
321 2451 355 2473 u.
383 2442 439 2482 32,
461 2442 481 2472 9
511 2438 600 2472 ‘und
627 2437 766 2480 somit’;
793 2442 850 2481 45,
873 2441 916 2471 14

170 2486 371 2530 explicativ
401 2486 489 2519 ‘und
516 2485 639 2519 zwar’.

220 2537 250 2569 7.
291 2537 331 2567 ut
353 2532 582 2576 procedebat]
610 2544 634 2566 s.
665 2544 709 2565 zu
738 2536 768 2575 1,
795 2535 826 2566 6.

215 2580 404 2625 processit]
433 2591 459 2614 s.
487 2592 531 2613 zu
561 2583 612 2618 19,
642 2583 672 2612 6.

218 2630 388 2671 temptato
409 2626 613 2671 praesidio]
650 2625 699 2660 ist
731 2626 814 2660 dem
846 2635 916 2659 mo-

171 2677 275 2708 ratus
293 2673 526 2717 coordiniert,
549 2673 703 2707 deutsch
718 2672 789 2707 mit
810 2672 913 2706 ‘und’

172 2721 482 2762 anzuschliessen3
533 2721 661 2754 deinde
697 2719 795 2764 folgt
834 2719 917 2753 dem

173 2771 334 2802 moratus
359 2768 428 2801 wie
456 2767 516 2811 21,
544 2772 599 2809 50,
627 2771 646 2801 8
673 2770 918 2810 transyressns

173 2834 218 2838 -
238 2815 445 2858 gratulatus
467 2835 511 2838 -
529 2817 765 2857 precatusque
783 2834 825 2837 ——
846 2817 917 2847 sta-

174 2864 249 2894 tum
276 2861 403 2895 deinde
428 2862 570 2895 insulae
598 2880 640 2885 -—
667 2861 842 2904 exposuit.

988 2436 1255 2481 gewohnlich);
1288 2436 1448 2480 vgl.26‚
1478 2440 1530 2478 16,
1559 2440 1578 2470 3
1614 2437 1735 2470 virum

989 2495 1024 2518 se
1047 2485 1287 2526 fortstsnnum
1318 2483 1363 2517 ab
1395 2494 1621 2527 nequaquam
1634 2484 1737 2534 *pari

991 2532 1038 2566 ad
1057 2532 1223 2565 virtutem
1248 2531 1372 2565 cecidi.
1406 2530 1510 2563 Auch
1531 2529 1612 2564 eine
1631 2529 1735 2565 inne-

989 2589 1027 2612 re
1058 2578 1271 2621 Beziehung
1308 2589 1352 2611 zu
1385 2576 1566 2611 lebenden
1598 2576 1733 2610 VVesen

989 2625 1205 2659 bezeichnet
1231 2625 1279 2659 ad
1304 2624 1379 2658 und
1404 2623 1453 2657 ist
1484 2623 1581 2656 dann
1607 2622 1662 2657 oft
1688 2640 1734 2651 =

991 2673 1102 2715 apud,
1129 2684 1156 2705 z.
1179 2672 1218 2706 B.
1240 2676 1296 2713 32,
1320 2675 1339 2704 2
1367 2671 1416 2704 ad
1440 2671 1598 2704 militare
1621 2680 1734 2714 genus

991 2730 1091 2753 omne
1110 2722 1321 2763 partemque
1345 2728 1511 2761 nzaynam
1534 2716 1651 2762 plebis
1677 2717 1733 2750 in-

991 2767 1106 2800 visum
1132 2777 1202 2799 esse
1226 2775 1355 2799 nomen
1379 2764 1594 2798 Romanum.

1040 2812 1102 2847 14.
1154 2812 1382 2847 Gracchus
1430 2810 1516 2844 und
1566 2810 1732 2844 Hanno

991 2860 1161 2894 nahern
1206 2858 1302 2893 sich
1347 2857 1586 2891 Benevent.
1649 2857 1732 2890 An-
