1882 3163
171 84 200 103 a.
221 76 270 103 Ch.
292 76 352 102 215.

661 64 807 100 LIBER
832 63 962 100 XXIII.
1013 63 1112 100 CAP.
1139 66 1196 99 43.
1223 67 1279 99 44.
1675 62 1731 104 87

164 190 296 231 quam
329 173 588 216 Hannibalis
621 173 849 227 interesse,
890 175 1015 227 capta
1054 188 1108 214 an
1146 173 1308 215 tradita
1338 172 1454 215 Nola
1487 173 1729 227 poteretur:

164 235 402 290 potiturum
435 234 560 286 enim,
591 235 639 274 ut
672 232 820 287 Capua
851 230 1121 286 Nuceriaque
1154 232 1317 287 potitus
1352 231 1595 287 esset;.sed
1626 231 1728 286 quid

162 295 275 335 inter
308 291 479 347 Capuae
513 307 560 334 ac
591 291 802 334 Nuceriae
833 291 1053 332 fortunam
1084 292 1329 345 interesset,
1369 291 1486 345 ipsos
1519 305 1652 345 prope
1683 290 1729 332 in

163 353 303 395 medio
343 353 448 393 sitos
487 350 679 392 Nolanos
719 351 838 392 scire.

901 350 1015 392 nolle
1055 350 1254 401 ominari,
1294 365 1401 405 quae
1442 353 1592 404 captae
1632 350 1726 391 urbi
1743 360 1788 391 14

162 427 316 455 casura
347 411 499 464 forent,
532 413 574 451 et
605 410 748 464 potius
783 408 1004 464 spondere,
1038 409 1073 450 si
1104 408 1357 451 Marcellum
1388 424 1478 451 eum
1510 409 1726 463 praesidio

164 487 214 513 ac
241 470 399 512 Nolam
424 469 713 522 tradidissent,
745 468 961 510 neminem
994 468 1127 510 alium
1160 483 1290 523 quam
1315 469 1433 523 ipsos
1459 469 1611 524 legem,
1644 483 1727 523 qua

162 531 207 572 in
240 530 488 572 societatem
521 528 841 582 amicitiamque
873 526 1132 568 Hannibalis
1166 528 1373 582 venirent,
1407 528 1632 570 dicturum.

281 587 350 630 Ad
396 602 445 628 ea
489 586 731 629 Herennius
773 586 933 628 Bassus
975 587 1215 641 respondit:
1259 586 1420 628 Multos
1462 601 1594 629 annos
1637 587 1797 629 iam44

160 649 275 689 inter
311 646 555 689 Romanum
595 645 896 700 Nolanumque
934 646 1140 700 populum
1179 646 1414 688 amicitiam
1453 661 1562 701 esse,
1608 646 1726 688 cuius

157 710 333 748 neutros
367 706 420 747 ad
453 720 546 747 eam
579 706 690 747 diem
721 706 955 760 paenitere,
1001 708 1043 746 et
1081 705 1185 759 sibi,
1232 705 1268 747 si
1301 720 1398 747 cum
1429 705 1605 747 fortuna
1636 720 1726 747 mu-

159 766 291 808 tanda
322 766 426 806 fides
459 765 601 818 fuerit,
634 779 726 807 sero
759 765 845 806 iam
879 778 972 806 esse
1004 767 1170 806 mutare
1203 779 1307 807 eam.
1356 779 1413 806 an
1446 764 1651 806 dedituris
1679 779 1723 806 se
1746 775 1765 805 2

160 825 397 867 Hannibali
440 824 572 865 fuisse
617 824 915 866 accersendum
954 823 1248 866 Romanorum
1287 824 1577 878 praesidium?
1629 838 1725 865 cum

159 885 232 938 iis,
265 884 336 939 qui
370 883 422 925 ad
456 898 547 925 sese
578 884 761 925 tuendos
793 883 1027 938 venissent,
1069 883 1213 925 omnia
1254 883 1339 925 sibi
1379 886 1420 925 et
1453 897 1543 925 esse
1577 897 1726 925 conso-

160 944 272 985 ciata
305 946 346 984 et
379 943 431 984 ad
465 943 666 984 ultimum
698 943 802 984 fore.

277 1002 372 1044 Hoc
404 1002 679 1056 conloquium
711 1002 890 1043 abstulit
922 1016 1051 1056 spemr
1068 1001 1305 1043 Hannibali
1331 1017 1406 1056 per
1431 1002 1722 1056 proditionem
1744 1013 1765 1043 3

157 1062 426 1116 recipiendae
446 1060 601 1115 Nolae·7
627 1062 770 1116 itaque
797 1076 954 1103 corona
980 1062 1183 1116 oppidum
1211 1061 1500 1114 circumdedit,
1528 1064 1574 1102 ut
1595 1061 1723 1102 simul

160 1123 213 1163 ab
243 1121 358 1163 omni
382 1124 503 1174 parte
530 1121 700 1162 moenia
727 1120 1038 1175 adgrederetur.
1084 1135 1209 1175 quem
1235 1123 1283 1162 ut
1309 1121 1561 1162 successisse
1589 1120 1722 1161 muris
1744 1131 1766 1161 4

156 1179 388 1222 Marcellus
409 1180 526 1232 vidit,
553 1181 764 1221 instructa
782 1180 896 1221 intra
916 1182 1088 1233 portam
1115 1180 1203 1221 acie
1230 1194 1326 1221 cum
1353 1193 1510 1235 magno
1532 1180 1722 1221 tumultu

156 1240 310 1294 erupit.
356 1239 519 1293 aliquot
545 1239 684 1293 primo
712 1239 875 1293 impetu
906 1239 1090 1293 perculsi
1123 1239 1318 1294 caesique
1352 1241 1468 1293 sunt,
1503 1239 1600 1280 dein
1627 1253 1724 1280 con-

158 1314 284 1341 cursu
317 1298 370 1340 ad
402 1299 634 1353 pugnantis
668 1298 782 1340 facto
816 1298 1092 1352 aequatisque
1119 1298 1281 1339 viribus
1310 1301 1433 1339 atrox
1460 1312 1552 1339 esse
1581 1298 1724 1352 coepit

156 1372 318 1413 pugna3
351 1357 724 1412 memorabilisque
751 1357 864 1398 inter
890 1371 1047 1411 paucas
1073 1357 1237 1411 fuisset,
1270 1357 1316 1398 ni
1342 1358 1596 1411 ingentibus
1625 1360 1722 1411 pro-

157 1418 276 1459 cellis
323 1417 479 1459 effusus
524 1417 660 1458 imber
704 1417 942 1458 diremisset
987 1417 1231 1471 pugnantis.

1289 1431 1336 1458 eo
1377 1416 1442 1457 die
1488 1417 1760 1458 commisso5

158 1477 325 1518 modico
370 1476 598 1518 certamine
649 1479 775 1530 atque
817 1476 1005 1517 inritatis
1053 1476 1205 1517 animis
1250 1476 1295 1516 in
1339 1477 1487 1517 urbem
1525 1475 1723 1530 Romani,

155 1535 293 1577 Poeni
324 1536 369 1576 in
403 1539 543 1577 castra
576 1538 827 1589 receperunt
867 1550 975 1591 sese,
1020 1550 1118 1576 nam
1150 1535 1394 1577 Poenorum
1426 1535 1566 1590 prima
1599 1550 1722 1589 erup-

207 1667 258 1698 13.
276 1663 399 1708 capta]
417 1662 483 1697 wie
499 1663 670 1706 Nuceria,
690 1662 781 1708 Kap.
800 1668 854 1708 15,
871 1668 900 1699 6.

155 1731 201 1735 ——
228 1711 382 1756 tradita]
411 1710 479 1745 wie
508 1709 643 1755 Capua.

207 1762 259 1793 14.
299 1758 392 1792 ‘nolle
429 1758 601 1802 ominari]
649 1759 724 1793 scil.
763 1769 817 1793 se.-
863 1769 902 1792 er

156 1805 266 1840 wolle
292 1804 397 1839 nicht
423 1806 524 1840 einer
551 1806 665 1839 bosen
688 1805 900 1840 Vorbedeu-

153 1855 250 1895 tung
281 1851 386 1886 Platz
419 1853 557 1896 geben,
596 1853 719 1886 indem
753 1864 791 1887 er
824 1851 901 1886 sich

157 1900 316 1934 dariiber
330 1900 553 1943 ausspreche
568 1900 657 1942 (ng
673 1898 765 1943 Kap.
783 1903 836 1942 13,
853 1902 899 1943 4).

205 1947 352 1991 casura]
382 1950 437 1987 22,
458 1950 515 1989 40,
536 1950 555 1979 3
582 1947 615 1980 si
640 1947 728 1991 quid
758 1947 902 1981 adversi

154 1995 317 2033 caderet,·
332 1998 387 2038 35,
402 1998 456 2036 13,
474 1997 512 2035 93
529 1998 584 2037 36,
600 1998 655 2037 34,
671 1998 708 2035 3,
725 1997 779 2035 38,
795 1997 850 2036 46,
869 1998 899 2028 6.

203 2041 325 2086 leyem]
354 2040 553 2075 kollektiv:
581 2041 644 2075 das
672 2041 899 2076 b'undesver-

153 2088 303 2123 haltnis.

203 2135 267 2170 44.
315 2140 343 2169 1.
384 2136 599 2181 amicitiam]
641 2135 739 2170 Nola
774 2135 898 2170 wurde

156 2188 225 2218 313
248 2194 318 2217 von
338 2182 408 2217 den
428 2181 590 2217 Romern
616 2183 898 2227 eingenommen

156 2233 211 2275 (9,
239 2234 300 2272 28,
327 2234 372 2273 5).
419 2230 466 2264 Es
508 2230 652 2265 scheint
691 2230 789 2265 daun
827 2229 898 2272 ein,

156 2278 381 2322 wenigstens
408 2277 466 2311 fu'r
491 2277 550 2311 die
571 2277 828 2319 Aristokratie,
858 2289 897 2313 so

153 2325 348 2369 giinstiges
364 2324 823 2360 Unterthanenverhaltnis
845 2336 898 2359 er-

155 2371 283 2406 halten
322 2382 365 2405 zu
405 2372 541 2414 haben,
581 2371 659 2406 dass
699 2383 785 2406 man
817 2372 897 2407 das-

154 2420 257 2453 selbe
278 2418 510 2453 ehrenvoller
525 2419 619 2453 auch
639 2418 719 2453 eine
734 2420 897 2454 amicitia

157 2468 305 2500 nannte.

203 2525 283 2547 eum
308 2513 458 2555 fortuna
484 2513 660 2547 mutanda
680 2513 783 2558 fides]
810 2512 894 2557 Vgl.

154 2565 217 2602 22,
246 2564 306 2602 22,
335 2565 354 2595 6
388 2571 467 2594 cum
505 2561 655 2600 fortuna
694 2564 897 2594 mutaverat

153 2609 277 2650 ᾒάθηις
308 2612 362 2650 24,
384 2611 440 2650 45,
462 2610 480 2640 2
509 2611 690 2651 tamquam
716 2618 795 2641 eum
821 2608 895 2648 fot·-

156 2660 249 2690 tana
267 2655 372 2697 fidem
391 2658 486 2689 stare
505 2658 695 2698 01101·te1·et;
724 2657 778 2697 28,
800 2657 852 2697 17,
876 2658 893 2688 7

155 2702 323 2736 barbaris
359 2713 401 2736 ea:
437 2702 590 2743 sbrtu'na
622 2702 754 2745 pendet
790 2702 893 2744 fide&

155 2753 211 2790 43,
228 2753 282 2788 22,
300 2753 319 2783 5
334 2753 470 2783 mutato
485 2760 563 2783 eum
583 2749 735 2790 fortuna
755 2749 893 2790 animm

154 2799 218 2838 44,
242 2800 302 2836 18,
328 2800 349 2830 4
381 2797 470 2831 socii
502 2796 605 2830 dubii
635 2806 895 2839 suspensaeque

152 2853 198 2877 ex
224 2845 375 2885 f'ortzma
399 2844 493 2886 fidei.

1023 1664 1149 1710 fuerit]
1178 1663 1215 1698 in
1237 1663 1296 1698 Or.
1318 1664 1421 1698 recta
1439 1664 1532 1706 fuit;
1559 1674 1645 1698 man
1666 1674 1721 1698 er-

975 1714 1109 1746 wartet
1132 1715 1217 1746 esset
1237 1712 1326 1745 oder
1344 1712 1484 1754 fuisset,
1512 1711 1559 1746 da
1579 1711 1638 1745 die
1659 1710 1719 1746 Or.

977 1758 1048 1793 obl.
1083 1757 1187 1792 nicht
1219 1769 1292 1793 von
1324 1759 1442 1793 einem
1476 1759 1598 1793 Praes.
1633 1758 1720 1792 hist.

975 1805 1151 1849 abhangt.

1021 1853 1113 1897 sero]
1135 1852 1227 1886 Adv.
1249 1853 1303 1886 als
1320 1852 1540 1887 Pradikativ
1560 1852 1630 1887 mit
1648 1863 1720 1887 esse

974 1899 1200 1942 verbunden,
1228 1900 1297 1934 wie
1325 1900 1379 1934 oft
1399 1900 1541 1942 frustra
1560 1912 1594 1934 u.
1615 1900 1716 1934 satis.

1023 1951 1053 1982 2.
1069 1947 1264 1992 dedituris]
1286 1947 1324 1981 in
1339 1947 1446 1981 einen
1459 1946 1717 1982 Konditional-

975 1996 1051 2028 satz
1078 1993 1300 2029 aufzulosen.

1022 2046 1052 2076 3.
1081 2041 1206 2087 recep]
1242 2042 1314 2086 vgl.
1343 2053 1385 2076 zu
1411 2041 1504 2086 Kap.
1533 2046 1586 2085 11,
1614 2046 1644 2076 7.
1673 2062 1717 2066 —

975 2089 1124 2134 corona]
1174 2088 1359 2132 „Cord0n,
1398 2089 1714 2133 Truppenkette“,

974 2135 1089 2170 durch
1110 2137 1180 2170 den
1199 2136 1386 2171 Finalsatz
1412 2137 1527 2171 nither
1550 2137 1604 2171 als
1631 2135 1712 2171 eine

972 2183 1165 2227 ganzliche
1177 2183 1476 2228 Einschliessung
1488 2184 1713 2219 bezeichnet.

1021 2235 1052 2265 4.
1079 2231 1209 2276 muris]
1238 2231 1363 2274 Dativ,
1391 2230 1446 2266 oft
1472 2243 1511 2265 so
1539 2231 1598 2266 bei
1618 2229 1714 2273 Liv.;

972 2278 1096 2313 besser
1115 2281 1212 2313 ware
1238 2279 1287 2313 ad
1313 2289 1435 2313 muros
1455 2278 1561 2323 (Kap.
1580 2282 1634 2320 16,
1653 2282 1710 2319 123

971 2329 1028 2367 43,
1056 2330 1102 2368 9).

1019 2374 1121 2407 intra
1149 2373 1310 2419 portam]
1345 2372 1392 2407 Es
1418 2373 1468 2407 ist
1494 2371 1710 2414 auffallend,

972 2419 1052 2453 dass
1091 2432 1130 2454 er
1161 2420 1264 2454 nicht
1295 2420 1431 2454 wieder
1469 2419 1527 2453 die
1566 2419 1710 2463 gleiche

971 2467 1209 2512 Aufstellung
1236 2467 1379 2509 nimmt,
1408 2466 1476 2500 wie
1498 2465 1588 2510 Kap.
1609 2470 1662 2507 16,
1677 2470 1709 2501 8.

1020 2514 1172 2559 aliquot]
1209 2514 1286 2548 scil.
1317 2514 1530 2548 Poenorum.
1561 2533 1603 2538 —
1630 2524 1712 2548 eon-

972 2561 1095 2605 cursu]
1124 2561 1200 2595 scil.
1227 2560 1441 2595 Poenorum.

1017 2608 1111 2641 inter
1126 2608 1283 2652 paucas]
1307 2607 1583 2642 nachklassisch
1604 2610 1648 2643 st.
1668 2608 1708 2642 in

964 2655 1110 2698 primis,
1137 2656 1308 2689 maxime:
1334 2658 1388 2697 22,
1407 2659 1437 2696 7,
1457 2659 1490 2696 1;
1518 2659 1573 2698 38,
1594 2659 1648 2698 15,
1670 2658 1707 2696 9;

969 2700 1082 2744 Plio„
1111 2702 1250 2745 Quint„
1279 2701 1365 2736 Tae.

1017 2752 1047 2782 5.
1074 2750 1226 2793 modico]
1253 2748 1559 2791 „unbedeutend‘·
1581 2760 1711 2793 wegen

970 2795 1033 2829 der
1072 2795 1200 2830 Ktirzc.
1242 2816 1285 2821 —
1330 2796 1508 2841 inritatis]
1542 2808 1622 2831 nur
1649 2808 1711 2842 ge-

968 2843 1068 2878 reizt.
