1882 3163
678 112 823 147 LIBER
849 113 962 147 XXII.
1007 112 1110 148 CAP.
1138 116 1194 147 22.
1669 107 1724 148 37

156 132 183 151 a.
203 125 254 151 ch.
275 125 337 150 217.

158 224 355 266 civitates
376 223 559 264 remitte.
610 221 653 262 id
679 223 722 262 et
747 221 948 275 privatim
975 221 1242 275 parentibUS,
1270 233 1450 274 quorum
1477 231 1726 259 maxumum

157 286 423 324 momentum
454 282 498 322 in
533 279 782 322 civitatibus
815 283 880 320 est
913 280 1019 332 suis,
1058 282 1101 320 et
1137 279 1306 333 publice
1344 277 1515 332 populis
1555 278 1726 332 gratum

158 342 249 383 erit.
306 342 397 383 volt
431 340 511 382 sibi
545 340 724 394 quisque
757 338 890 392 credi,
923 341 966 379 et
996 338 1148 379 habita
1178 337 1283 378 fides
1310 337 1450 391 ipsam
1476 336 1725 390 plerumque

158 400 324 455 obligat
372 399 512 441 fidem.
586 397 870 439 ministerium
921 396 1286 438 restituendorum
1331 396 1481 437 domos
1529 394 1728 436 obsidum

158 459 356 501 mihimet
400 458 584 512 deposco
627 457 739 523 ipse,
789 459 836 497 ut
881 470 1011 510 opera
1056 469 1224 511 quoque
1274 455 1455 509 inpensa
1500 454 1727 496 consilium

158 518 354 559 adiuvem
386 532 546 570 meum,
578 518 620 557 et
651 515 713 556 rei
746 518 897 570 suapte
929 518 1087 556 natura
1120 517 1268 569 gratae
1306 516 1513 568 quantam
1551 513 1728 579 insuper

158 577 346 632 gratiam
386 576 548 630 possim
588 573 807 616 adiciam&
868 574 1035 615 homini
1072 588 1162 615 non
1201 573 1254 614 ad
1292 575 1434 614 cetera
1465 572 1628 613 Punica
1664 572 1726 612 in-

159 636 287 690 genia
320 634 473 676 callido
506 637 554 675 ut
586 634 816 688 persuasit,
854 636 980 675 nocte
1013 633 1124 674 clam
1163 645 1418 687 progressus
1452 631 1505 672 ad
1536 631 1728 672 hostium

160 695 389 748 stationes,
422 693 645 736 conventis
678 692 936 747 quibusdam
969 692 1249 733 auxiliaribus
1274 690 1483 745 Hispanis
1512 693 1554 731 et
1581 690 1633 731 ab
1659 690 1728 731 his

159 753 211 794 ad
245 753 487 807 Scipionem
519 751 766 807 perductus,
805 751 906 806 quid
949 751 1152 805 adferret,
1191 750 1423 806 expromit,
1468 753 1511 791 et
1548 749 1630 790 fide
1665 763 1728 790 ac-

159 815 283 867 cepta
315 812 500 866 dataque
540 826 588 852 ac
627 812 721 852 1000
762 813 805 851 et
842 814 1036 865 tempore
1075 810 1310 852 constituto
1353 809 1405 850 ad
1440 808 1608 850 obsides
1642 810 1726 849 tra-

159 871 321 913 dendos
362 870 602 926 Saguntum
645 870 768 911 redit.
843 870 954 911 diem
1001 871 1299 924 insequentem
1344 868 1588 922 absumpsit
1632 881 1729 908 cum

158 929 341 972 Bostare
374 929 588 971 mandatis
622 929 675 970 ad
706 943 796 970 rem
830 929 1039 984 agendam
1073 928 1342 983 accipiendis,
1399 927 1600 968 dimissus
1633 940 1729 967 cum

161 1004 205 1031 se
237 992 363 1030 nocte
404 989 583 1042 iturum,
621 991 669 1029 ut
711 989 926 1030 custodias
965 988 1155 1030 hostium
1193 988 1383 1041 falleret,
1421 986 1730 1038 constituisset,

162 1048 214 1089 ad
248 1048 518 1103 conpositam
558 1062 653 1089 cum
693 1047 744 1088 iis
783 1047 935 1089 horam
977 1047 1173 1089 excitatis
1213 1046 1460 1088 custodibus
1499 1059 1730 1099 puerorum

159 1107 396 1161 profectus,
439 1107 575 1148 veluti
612 1107 789 1162 ignarus
834 1107 878 1147 in
923 1108 1199 1161 praeparatas
1239 1120 1316 1147 sua
1353 1104 1506 1146 fraude
1550 1104 1729 1145 insidias

161 1166 287 1207 ducit.
349 1166 393 1207 in
425 1168 567 1207 castra
599 1165 796 1206 Romana
827 1166 1037 1220 perducti3
1072 1168 1211 1207 cetera
1245 1165 1389 1206 omnia
1421 1164 1471 1205 de
1503 1163 1729 1204 reddendis

161 1225 401 1279 obsidibus,
435 1225 546 1266 sicut
573 1239 669 1266 cum
697 1224 877 1265 Bostare
905 1225 1187 1266 constitutum
1214 1226 1323 1278 erat,
1356 1238 1431 1278 per
1458 1225 1554 1264 acta
1581 1222 1729 1264 eodem

161 1283 322 1338 ordine,
357 1298 440 1338 quo
474 1284 510 1324 si
544 1282 964 1338 Carthaginiensium
1002 1285 1177 1325 nomine
1217 1283 1278 1324 sic
1316 1286 1528 1338 ageretur.
1591 1282 1730 1322 maior

161 1343 383 1397 aliquanto
427 1342 723 1384 Romanorum
762 1343 901 1397 gratia
944 1343 1029 1384 fuit
1071 1344 1115 1384 in
1159 1357 1204 1383 re
1247 1342 1359 1398 pari,
1404 1356 1532 1395 quam
1571 1342 1731 1395 quanta

160 1402 308 1443 futura
341 1376 788 1457 Carthaginiensium⁰
800 1402 953 1443 fuerat.
1002 1402 1101 1444 illos
1129 1402 1242 1442 enim
1276 1401 1419 1456 gravis
1447 1400 1731 1454 superbosque

162 1462 208 1502 in
241 1461 369 1502 rebus
403 1460 597 1502 secundis
631 1464 830 1527 expertos
869 1461 1045 1502 fortuna
1085 1464 1127 1503 et
1164 1461 1295 1502 timor
1333 1460 1558 1515 mitigasse
1596 1458 1730 1500 videri

160 1523 350 1575 poterat3
382 1518 603 1561 Romanus
636 1521 774 1574 primo
810 1520 1014 1574 adventu,
1046 1520 1293 1576 incognitus
1328 1522 1444 1572 ante,
1487 1518 1539 1560 ab
1573 1533 1618 1559 re
1652 1518 1730 1559 cle-

160 1579 297 1620 menti
323 1579 576 1633 liberalique
603 1579 775 1620 initium
802 1579 979 1634 fecerat3
1014 1582 1056 1621 et
1083 1579 1273 1632 Abelux,
1300 1579 1366 1620 vir
1392 1578 1590 1633 prudens,
1615 1576 1730 1618 haud

159 1638 320 1679 frustra
351 1637 578 1679 videbatur
610 1638 748 1680 socios
782 1642 985 1680 mutasse.
1040 1640 1185 1694 itaque
1218 1639 1386 1693 ingenti
1418 1651 1628 1679 consensu
1661 1636 1728 1677 de-

160 1697 391 1739 fectionem
425 1711 572 1739 omnes
607 1700 817 1751 spectare3
857 1713 1062 1752 armaque
1094 1698 1310 1752 extemplo
1343 1699 1462 1739 mota
1492 1696 1653 1749 forent,
1685 1695 1730 1736 ni

162 1871 258 1895 masc.
292 1863 522 1902 momentum,
560 1861 628 1895 wie
656 1865 688 1904 3,
717 1865 771 1904 12,
800 1865 820 1895 6
855 1860 909 1895 iu-

163 1918 294 1942 venem
304 1907 507 1951 egregium,
519 1908 721 1942 maximum
731 1920 779 1942 m.
789 1919 910 1942 rerum

168 1954 246 1989 eius
281 1954 463 1996 civitatis,
502 1959 560 1998 21,
586 1958 618 1996 4,
645 1959 676 1988 2.
705 1959 761 1997 29,
790 1959 845 1998 12,
872 1959 909 1998 2;

166 2001 335 2046 dagegen
385 2013 480 2036 mair.
526 2013 681 2044 nomen,
732 2002 801 2037 wie
852 2002 911 2037 die

165 2048 320 2083 Hdschr.
336 2047 469 2092 haben,
485 2052 541 2090 27,
559 2053 613 2092 19,
628 2053 650 2083 4
671 2049 736 2083 der
755 2049 910 2084 hochste

164 2095 274 2130 Titel.
308 2116 347 2119 —
388 2096 542 2140 obligat:
581 2096 654 2141 vgl.
696 2097 760 2131 das
800 2096 908 2132 franZ.

164 2141 336 2177 noblesse
364 2143 499 2188 oblige.

214 2193 363 2224 15—17.
392 2190 440 2225 ad
461 2195 588 2234 cetera,
614 2190 665 2225 im
687 2191 908 2236 Vergleiche

166 2237 252 2279 mit3
279 2238 424 2280 callido,
451 2249 493 2272 zu
514 2242 570 2281 21,
591 2243 624 2281 4,
646 2242 676 2273 9.
705 2238 809 2273 Nach
831 2239 908 2273 Pol.

165 2285 290 2319 wurde
329 2283 460 2319 Bostar
497 2285 557 2319 fiir
595 2285 671 2320 sein
706 2286 910 2321 thorichtes

165 2330 379 2366 Benehmen
413 2344 475 2366 zur
501 2331 816 2378 Verantwortung
848 2345 910 2378 ge-

169 2390 297 2423 zogen.
322 2399 364 2403 —
381 2381 579 2423 persuasit,
605 2379 667 2414 bei
692 2381 769 2415 Pol
796 2381 911 2415 n‘aher

167 2425 307 2460 erklart
350 2426 482 2461 durch.
536 2427 748 2469 προςδοκᾶν
793 2425 911 2462 αὐτὸν

166 2469 336 2508 ἐκέλευσε
378 2473 441 2507 καὶ
479 2470 609 2517 δώσων
650 2475 793 2518 πλῆθος
834 2473 911 2522 ἰδίᾳ

165 2518 266 2564 παρὰ
301 2521 374 2555 τῶν
411 2518 455 2555 τά
490 2520 604 2555 τέκνα
637 2511 910 2566 κομιζομένωνς

165 2571 265 2602 nocte
291 2568 396 2610 clam,
428 2580 471 2602 zu
504 2572 560 2610 21,
590 2572 646 2611 63,
674 2572 706 2603 9.
734 2588 777 2593 —
805 2569 911 2603 awri-

167 2615 340 2657 liaribus,
373 2595 431 2649 d’ie
464 2615 513 2649 im
550 2595 759 2650 romischen
793 2615 910 2650 Heere

167 2661 334 2703 dientem
363 2662 586 2706 Scipionem,
615 2662 679 2697 der
704 2673 775 2697 neu
802 2673 911 2707 ange-

168 2708 363 2744 kommene
409 2710 523 2744 altere
568 2709 709 2745 Bruder
747 2709 910 2753 Publius,

166 2756 261 2790 nach
296 2756 373 2791 Pol.
403 2760 434 2799 3,
462 2760 517 2799 99,
545 2761 581 2799 4,
621 2757 697 2801 vgl.
725 2756 819 2791 oben
845 2760 863 2799 ξ
892 2762 908 2790 1

167 2803 241 2837 und
256 2807 313 2838 20.
328 2823 370 2828 -—
386 2804 455 2846 side
481 2808 641 2848 accepta:
670 2804 749 2839 Pol.
771 2804 913 2848 spricht

170 2848 377 2885 aurserdem
403 2862 474 2885 von
501 2850 751 2895 Verheissung
777 2851 912 2886 bedeu-

168 2897 299 2932 tender
326 2897 552 2932 Geschenke.
575 2919 617 2923 —
640 2899 818 2941 caecitatis,
847 2910 912 2933 aus

984 1862 1068 1896 dem
1084 1861 1242 1902 Schlafe,
1271 1861 1318 1895 da
1333 1860 1393 1894 die
1407 1860 1574 1894 Wachen
1594 1858 1730 1893 vorher

983 1908 1105 1943 nichts
1142 1919 1214 1942 von
1241 1908 1325 1943 dem
1351 1906 1465 1942 Plane
1492 1905 1668 1947 wussten;
1697 1909 1728 1948 1,

985 1960 1022 1999 7,
1063 1960 1082 1990 6
1122 1966 1250 1990 somno
1296 1955 1451 1998 excitus,
1492 1957 1553 1997 25,
1593 1957 1625 1997 9,
1668 1956 1728 1995 133

982 2013 1194 2047 puerorum,
1239 2000 1325 2042 τοὺς
1364 2003 1503 2041 παῖδας
1541 2000 1619 2035 Pol.
1659 1999 1729 2034 wie

985 2050 1195 2095 uberhaupt
1252 2049 1402 2084 Geiseln
1459 2047 1729 2094 jugendlichen

985 2097 1109 2132 Alters
1137 2107 1369 2142 vorgezogen
1396 2096 1555 2131 werden.

1033 2196 1182 2227 18-21.
1224 2193 1266 2227 de
1305 2192 1401 2227 redd.
1441 2192 1511 2226 obs.
1552 2189 1654 2233 περὶ,
1691 2189 1729 2223 in

984 2239 1136 2281 Betreff3
1176 2240 1294 2274 eodem
1329 2239 1405 2274 ord.
1445 2238 1514 2272 wie
1551 2240 1583 2281 5,
1616 2241 1673 2279 45,
1707 2239 1728 2270 8

985 2290 1108 2322 cetera
1134 2287 1263 2321 eodem
1292 2286 1419 2322 ordine
1447 2287 1567 2330 gesta,
1595 2296 1639 2318 zu
1659 2295 1727 2328 quo

983 2336 1016 2369 si
1053 2338 1110 2378 24,
1149 2337 1181 2376 8,
1224 2338 1278 2369 18.
1326 2355 1366 2360 —
1413 2334 1624 2378 aliquanto,
1668 2331 1728 2365 die

983 2381 1257 2426 Nachstellung
1301 2381 1365 2416 des
1416 2381 1489 2415 abl.
1534 2388 1727 2413 mensurae

985 2429 1041 2464 oft
1066 2428 1127 2463 bei
1153 2429 1191 2462 L.
1214 2440 1243 2463 c.
1266 2431 1322 2472 48,
1343 2433 1374 2462 4.
1402 2431 1458 2469 21,
1483 2431 1536 2468 15,
1559 2430 1589 2468 5,
1619 2425 1727 2460 eben-

985 2487 1025 2511 so
1052 2475 1169 2510 multo
1197 2480 1253 2518 23,
1274 2479 1306 2518 2,
1329 2480 1359 2510 6.
1388 2495 1429 2499 -
1458 2477 1620 2518 expertos
1645 2483 1728 2517 pas-

985 2522 1123 2557 sivisch
1149 2527 1205 2564 21,
1229 2528 1259 2565 1,
1281 2526 1319 2564 2;
1347 2533 1386 2556 so
1412 2522 1572 2565 partitus
1594 2523 1649 2563 21,
1671 2522 1726 2562 21,

985 2574 1018 2612 2,
1045 2580 1215 2604 emensus
1242 2574 1298 2612 21,
1326 2573 1381 2612 30,
1410 2573 1441 2610 5,
1478 2567 1728 2612 depopulatus

986 2621 1042 2659 21,
1070 2621 1125 2659 51,
1152 2621 1183 2652 4.
1214 2637 1254 2641 —
1282 2616 1489 2657 Romanus,
1515 2614 1621 2648 nicht
1647 2614 1728 2648 kol-

985 2664 1115 2707 lektiv,
1135 2664 1292 2699 sondcrn
1313 2662 1464 2697 Publius
1479 2661 1615 2706 Scipio,
1636 2664 1654 2703 ξ
1674 2664 1727 2702 15,

986 2722 1129 2745 woraus
1174 2711 1249 2746 sich
1296 2710 1506 2755 incognitus
1553 2708 1626 2743 und
1667 2708 1726 2742 die

986 2758 1371 2802 Gegenfiberstellung
1403 2769 1473 2791 von
1501 2756 1644 2791 Abelux
1672 2766 1728 2790 er-

985 2805 1095 2840 klart.
1157 2805 1239 2849 Vgl.
1281 2816 1309 2839 0.
1349 2809 1410 2846 20,
1453 2808 1504 2839 10.
1546 2824 1588 2828 —
1627 2803 1727 2837 haud

985 2853 1125 2894 frustra
1158 2852 1305 2886 bezieht
1336 2852 1412 2886 sich
1449 2851 1552 2886 nicht
1578 2850 1645 2885 auf
1667 2850 1727 2884 die

987 2899 1205 2943 Belohnung
1227 2898 1290 2934 (les
1305 2899 1460 2942 Abelux,
1488 2897 1645 2934 sondern
1665 2897 1731 2931 auf

1755 226 1797 258 13

1755 343 1799 377 14

1755 580 1797 612 15

1757 758 1800 790 16

1758 937 1799 967 17

1758 1172 1800 1203 18

1758 1291 1799 1321 19

1757 1529 1802 1559 20

1758 1647 1800 1678 21
