1882 3163
160 136 215 176 14
282 183 285 186 ἢ
643 136 789 170 LIBER
813 136 962 172 XXIIII.
1002 138 1104 174 CAP.
1132 143 1162 173 6.
1192 143 1224 175 ’7.

1505 156 1530 173 a.
1556 156 1584 173 u.
1611 156 1635 174 c.
1664 150 1728 176 539.

159 245 288 286 etiam
313 244 439 299 regis,
471 243 656 285 materni
682 245 762 298 avi,
788 245 995 287 iubebant
1019 246 1279 301 meminisse,
1304 247 1567 301 legationem
1593 247 1727 301 misit,

159 319 243 358 qua
282 317 429 344 aecum
467 303 669 345 censebat
702 302 847 345 Sicilia
886 305 968 346 sibi
1007 305 1125 347 omni
1158 305 1267 359 cedi,
1304 305 1456 346 ltaliae
1494 305 1723 360 imperium

111 374 130 404 9
158 362 381 416 proprium
403 362 549 428 quaeri
571 360 922 417 Carthaginiensi
940 364 1115 430 populo.
1152 364 1264 406 hanc
1283 364 1503 405 levitatem
1525 379 1573 406 ac
1593 364 1724 406 iacta-

156 421 320 462 tionem
353 421 485 461 animi
510 435 647 474 neque
679 422 984 464 mirabantur'
973 438 1018 464 111
1044 423 1195 464 iuvene
1223 423 1384 464 furioso
1409 437 1546 489 neque
1574 437 1724 489 argue-

106 489 130 529 7
157 480 275 533 bant,
308 479 538 521 dummodo
572 482 814 522 averterent
846 496 941 522 eum
968 482 1021 523 ab
1048 482 1267 523 Romanis

157 539 412 593 praecipitia
451 539 504 579 ad
542 539 718 580 exitium
756 539 942 581 fuerunt.

1329 482 1402 523 sed
1432 482 1577 523 omnia
1603 482 1648 523 in
1675 497 1724 523 eo

1003 556 1103 582 nam
1142 555 1238 582 cum
1276 541 1525 595 praemissis
1558 540 1725 595 Hippo-

159 600 274 638 crate
302 600 428 652 atque
453 596 644 652 Epicyde
672 613 767 640 cum
799 599 913 641 binis
939 600 1112 641 milibus
1146 601 1409 641 armatorum
1437 600 1489 640 ad
1513 602 1729 654 temptan-

111 668 130 697 2
160 656 234 698 das
260 656 400 710 urbes,
428 671 535 710 quae
562 657 788 711 praesidiis
813 658 1071 699 tenebantur
1091 659 1313 712 Romanis,
1340 661 1382 700 et
1407 659 1498 712 ipse
1525 658 1570 699 in
1590 658 1727 701 Leon-

157 716 271 757 tinos
305 730 400 756 cum
433 718 572 757 cetero
606 716 724 757 omni
758 717 947 758 exercitu
980 742 1028 747 —
1066 720 1189 759 erant
1221 720 1366 758 autem
1400 718 1452 758 ad
1485 717 1727 772 quindecim

111 786 131 815 3
159 775 281 815 milia
312 774 505 828 peditum
539 776 813 830 equitumque
838 801 888 805 —
912 776 1128 830 profectus
1156 779 1258 830 erat,
1290 777 1447 817 liberas
1481 776 1597 817 aedis
1630 790 1727 818 con-

158 833 290 875 iurati
313 858 363 862 —
387 836 430 874 et
456 848 603 875 omnes
630 834 741 875 forte
765 835 1012 876 militabant
1031 859 1079 864 —-
1097 836 1370 876 imminentes
1391 836 1484 876 viae
1506 838 1728 889 angustae,

115 904 136 933 4
163 907 247 946 qua
285 892 539 933 descendere
579 893 631 933 ad
668 893 809 934 forum
849 908 922 934 rex
961 894 1144 944 solebat,
1183 897 1470 947 sumpserunt.

1532 894 1591 935 ibi
1631 908 1727 935 cum

159 952 311 993 structi
348 951 587 1005 armatique
620 952 749 993 ceteri
781 952 1012 994 transitum
1045 955 1316 1006 expectantes
1350 955 1531 1006 starent,
1569 953 1644 993 uni
1677 968 1728 994 ex

159 1011 218 1051 eis
240 1035 294 1039 —
317 1010 547 1051 Dinomeni
578 1010 661 1051 fuit
686 1025 845 1052 nomen
866 1036 934 1065 —,
967 1011 1067 1065 quia
1094 1013 1238 1053 eustos
1272 1012 1462 1065 corporis
1496 1014 1599 1065 erat,
1631 1026 1731 1065 par-

158 1072 223 1110 tes
251 1069 375 1110 datae
404 1071 515 1122 sunt,
547 1071 606 1123 ut,
639 1084 733 1110 cum
768 1070 1131 1124 adpropinquaret
1156 1071 1308 1111 ianuae
1334 1085 1420 1125 reX,
1451 1084 1527 1124 per
1554 1084 1727 1111 causam

160 1128 351 1182 aliquam
382 1127 428 1168 in
460 1128 671 1182 angustiis
709 1129 943 1172 sustineret
981 1129 1033 1170 ab
1066 1132 1188 1184 tergo
1228 1143 1395 1184 agmen.

1455 1130 1517 1170 ita
1548 1131 1595 1170 ut
1628 1143 1727 1170 con-

115 1198 128 1214 7
160 1189 336 1227 venerat
367 1186 530 1228 factum
564 1189 638 1228 est.
688 1190 910 1241 tamquam
942 1188 1107 1229 laxaret
1133 1189 1292 1229 elatum
1318 1188 1469 1242 pedem
1497 1188 1550 1228 ab
1577 1188 1728 1229 stricto

159 1245 291 1299 nodo,
329 1248 522 1286 moratus
555 1246 727 1287 turbam
759 1247 1021 1288 Dinomenes
1059 1249 1230 1288 tantum
1263 1247 1478 1288 intervalli
1510 1246 1629 1301 fecit,
1668 1249 1728 1297 ut,

160 1319 256 1346 cum
287 1304 334 1345 in
365 1306 706 1358 praetereuntem
740 1306 832 1347 sine
866 1306 1042 1347 armatis
1068 1320 1215 1361 regem
1247 1306 1430 1360 impetus
1462 1305 1595 1362 fieret,
1629 1320 1728 1347 con-

113 1374 132 1403 6
158 1363 377 1404 foderetur
409 1363 571 1418 aliquot
602 1365 720 1418 prius
752 1365 1000 1406 vulneribus
1033 1379 1161 1420 quam
1202 1365 1390 1406 succurri
1420 1367 1578 1418 posset.
1641 1365 1726 1405 cla-

159 1436 277 1463 more
316 1425 359 1463 et
395 1422 585 1463 tumultu
624 1423 769 1464 audito
808 1424 851 1465 in
889 1423 1174 1465 Dinomenem
1209 1424 1295 1464 iam
1333 1423 1447 1464 haud
1485 1423 1612 1464 dubie
1654 1423 1728 1465 ob-

161 1484 348 1522 stantem
391 1481 480 1522 tela
520 1482 807 1537 coniciuntur,
850 1483 964 1524 inter
1002 1497 1110 1537 quae
1148 1485 1294 1524 tamen
1333 1482 1496 1524 duobus
1537 1482 1727 1536 acceptis

159 1631 248 1674 reis,
287 1632 448 1666 Toehter
483 1632 546 1666 des
578 1632 904 1678 Epirotenkonigs,

160 1691 223 1713 zur
243 1678 440 1713 Gemahlin
466 1679 607 1723 gehabt
628 1680 750 1722 hatte3
777 1693 802 1715 6.
824 1685 858 1722 4,
872 1685 903 1715 2.

208 1737 281 1769 qua
312 1737 434 1760 aecum
467 1727 642 1772 censebat]
682 1727 772 1761 kurz
814 1729 906 1762 statt

160 1784 233 1817 qua
265 1784 387 1807 aecum
417 1784 487 1808 esse
511 1784 546 1808 se
578 1785 716 1808 censere
747 1776 906 1816 (licebat,-

161 1821 298 1855 ebenso
348 1824 411 1864 29,
451 1825 470 1855 8
526 1820 724 1856 Leontinos
769 1833 907 1866 quoqne

162 1878 309 1911 aequom
329 1878 466 1902 censere
490 1878 525 1902 se
551 1868 679 1902 liberos
705 1879 785 1903 esse.

209 1914 340 1949 Sicilia
364 1916 436 1949 sibi
456 1915 548 1960 cedi]
578 1915 741 1950 dieselbe
763 1916 905 1950 Constr.

161 1962 270 2004 (ohne
303 1962 374 1996 den
400 1961 513 1996 Dativ
547 1962 694 2007 dessen,
726 1964 905 1998 welchem

161 2008 220 2042 die
246 2009 448 2052 Handlung
473 2021 516 2043 zu
542 2008 638 2044 Gute
664 2010 820 2054 kommt)
849 2014 892 2044 22

162 2059 181 2088 9
210 2057 326 2090 cedere
355 2057 575 2099 possessione
605 2068 758 2101 magnae
789 2058 906 2100 fortn-

161 2113 240 2137 nae.
297 2102 443 2137 Ebenso
485 2103 577 2138 wircl
621 2105 808 2139 concedere
844 2115 907 2148 ge-

160 2148 319 2183 braucht
346 2149 407 2192 (22
427 2178 434 2192 ,
461 2153 523 2192 25,
551 2153 596 2194 7),
621 2151 684 2184 bei
710 2151 794 2184 dem
820 2152 908 2185 aber

162 2195 221 2230 die
242 2196 494 2240 anfgegebene
511 2197 627 2231 Sache
646 2198 740 2231 auch
754 2198 805 2231 im
820 2197 905 2232 Ace.

163 2243 278 2286 steht,
308 2242 377 2277 wie
404 2243 462 2286 21,
492 2247 522 2286 1,
550 2247 569 2277 5
597 2243 765 2278 Siciliam
796 2246 906 2278 nimis

162 2290 267 2324 celeri
292 2290 537 2333 desperatione
556 2301 676 2325 rerum
695 2302 905 2327 concessam.

213 2336 248 2372 7.
279 2340 310 2371 2.
337 2338 378 2371 in
402 2337 614 2383 Leontinos]
643 2337 789 2382 claraus,
824 2339 907 2373 dass

163 2383 228 2417 der
256 2383 474 2418 Stadtname
506 2386 582 2418 und
609 2385 673 2419 der
698 2386 816 2419 Name
843 2386 907 2420 der

161 2430 385 2465 Einwohner
409 2431 576 2466 derselbe
595 2431 655 2474 ist,
682 2432 826 2467 scheint
846 2432 905 2466 die

163 2478 395 2521 sprachliche
429 2478 817 2523 Eigenthfimlichkeit
853 2490 905 2513 er-

162 2524 262 2558 klart
286 2525 435 2559 werden
454 2537 498 2559 zu
518 2529 677 2569 1111166611,
704 2526 788 2561 dass
811 2527 906 2561 auch

162 2571 226 2614 da,
259 2583 316 2606 wo
347 2584 416 2606 nur
442 2583 488 2606 an
520 2573 579 2607 die
608 2573 715 2608 Stadt
745 2574 908 2618 gedacht

163 2619 310 2652 werden
335 2618 452 2663 kann,
484 2620 554 2654 wie
580 2620 678 2663 hier,
713 2621 771 2655 die
796 2620 905 2665 Prap.

162 2666 404 2711 regelmassig
431 2668 572 2709 (ausser
597 2671 653 2710 30,
675 2670 710 2712 8)
736 2668 908 2712 hinzuge—

166 2712 666 2757 66121161;6.Ζ.Β.21,2.

212 2762 321 2793 cetero
347 2760 459 2804 omni]
489 2773 514 2795 6.
544 2773 588 2795 zu
616 2765 646 2803 1,
674 2766 705 2796 6.

212 2816 291 2839 cum
307 2817 355 2849 pr
358 2807 491 2848 ofeetns
507 2819 544 2842 61·
547 2807 600 2853 at]
623 2808 706 2842 dem
722 2808 907 2843 Schriftst.

165 2851 330 2886 schwebt
349 2853 429 2888 hier
448 2854 513 2888 der
536 2855 723 2890 dauernde
744 2855 907 2890 Zustand

166 2908 240 2940 vor,
267 2899 321 2933 als
347 2911 452 2934 wenn
480 2911 518 2935 er
543 2902 784 2945 geschrieben
803 2903 908 2936 hatte

979 1645 1058 1668 cum
1083 1634 1125 1668 in
1150 1633 1340 1668 Leontinis
1364 1634 1596 1675 morabatnr;
1630 1633 1727 1667 doch

979 1685 1076 1715 ware
1114 1681 1208 1715 auch
1244 1691 1283 1715 so
1323 1680 1387 1714 der
1426 1679 1528 1725 Conj.
1561 1680 1625 1714 das
1663 1691 1728 1724 ge—

979 1727 1189 1762 wohnliche
1216 1738 1395 1771 gewesen.

1028 1775 1233 1820 aliberas]
1257 1791 1300 1803 =
1320 1785 1466 1817 vacuas,
1495 1774 1565 1808 wie
1603 1785 1640 1809 es
1668 1773 1728 1817 25,

983 1826 1036 1865 10,
1058 1825 1077 1856 9
1105 1833 1177 1856 von
1202 1822 1395 1856 mehreren
1421 1821 1590 1856 Hausern
1610 1821 1730 1855 heisst

979 1880 1116 1903 vacuas
1141 1869 1308 1903 tenebant
1333 1870 1464 1903 domos.

1028 1916 1267 1961 imminentes]
1284 1916 1352 1950 wie
1364 1920 1397 1959 3,
1413 1920 1433 1950 8
1449 1927 1519 1950 arx
1532 1915 1729 1949 imminens

979 1964 1074 1997 mari
1102 1963 1261 1997 (61066611
1286 1963 1348 1997 an'
1355 1992 1362 1999 .
1401 1967 1458 2005 40,
1480 1967 1500 1996 4
1526 1963 1634 1997 urbes
1659 1963 1725 1996 im-

979 2011 1115 2044 minent
1142 2011 1280 2044 Italiae
1307 2010 1446 2054 ‘liegen
1468 2009 1603 2044 Italien
1628 2009 1727 2043 nahe

979 2057 1054 2091 und
1094 2057 1282 2091 bedrohen
1315 2057 1379 2093 es'.
1433 2056 1517 2101 Vgl.
1544 2056 1611 2100 41,
1641 2061 1678 2098 1,
1707 2060 1728 2090 2

979 2105 1141 2138 imminet
1166 2105 1262 2138 mari
1288 2104 1398 2138 lacus.

1027 2155 1059 2185 4.
1098 2151 1243 2195 structi]
1262 2167 1305 2179 =
1320 2151 1490 2184 instructi
1501 2152 1572 2193 (11,
1588 2151 1635 2193 9),
1650 2160 1726 2184 was

981 2198 1045 2232 der
1071 2197 1367 2242 gewohnliehere
1395 2196 1590 2231 Ausdruck
1616 2195 1676 2230 ist.

1025 2245 1177 2289 starent]
1202 2243 1451 2286 ‘dastandenss
1473 2242 1643 2288 zugleich
1660 2253 1725 2276 aus

980 2291 1063 2325 dem
1097 2291 1207 2326 Sinne
1240 2291 1362 2333 derer,
1402 2290 1460 2325 die
1497 2291 1581 2324 dem
1614 2289 1727 2324 Dino-

979 2349 1103 2372 menes
1130 2338 1230 2372 seine
1257 2338 1427 2382 Aufgabe
1454 2337 1691 2371 zuertheilen.

1028 2390 1059 2420 5.
1098 2385 1348 2428 confoderetur
1379 2384 1604 2430 vulneribus]
1637 2383 1728 2418 {thn-

979 2431 1056 2466 lich
1090 2436 1151 2475 34,
1185 2436 1204 2466 9
1237 2433 1378 2466 volnere
1402 2432 1543 2466 intacti.
1593 2431 1728 2465 vulnus

979 2479 1096 2513 heisst
1119 2479 1157 2513 in
1183 2479 1333 2513 solchen
1353 2478 1644 2522 Verbindungen
1667 2477 1728 2511 die

980 2526 1244 2571 Verwundung
1275 2525 1350 2559 und
1382 2526 1515 2559 nahert
1551 2525 1629 2559 sich
1661 2524 1727 2558 der

980 2572 1203 2618 Bedeutung
1245 2584 1318 2607 von
1357 2572 1518 2614 ‘Stich’;
1576 2571 1649 2615 vgl.
1691 2571 1726 2614 2,

982 2624 1038 2663 47,
1062 2625 1080 2654 7
1108 2620 1232 2655 consul
1257 2620 1441 2662 mortifero
1465 2619 1610 2652 vulnere
1633 2619 1726 2652 ictus

983 2668 1091 2701 eadit.

1031 2719 1060 2749 6.
1100 2714 1200 2748 haud
1226 2714 1348 2759 dabie]
1385 2713 1493 2757 ‘ganz
1525 2711 1623 2746 offen
1650 2711 1726 2745 und

982 2760 1281 2804 unzweideutig’.

1029 2808 1139 2853 inter]
1165 2807 1314 2842 ‘mitten
1332 2806 1514 2841 zwischen
1525 2826 1569 2831 —
1579 2805 1725 2848 durch',

982 2855 1051 2889 wie
1084 2859 1146 2898 41,
1174 2858 1194 2888 9
1232 2855 1327 2888 inter
1362 2854 1449 2887 bina
1486 2855 1607 2887 castra
1645 2863 1726 2886 cum

982 2912 1114 2946 mayna
1140 2901 1244 2936 caede
1268 2901 1422 2935 hostium
1447 2900 1569 2934 urbem
1594 2902 1644 2933 est
1669 2900 1725 2933 in-
