1882 3163
148 129 174 148 a.
196 122 262 148 Chr.
285 129 313 148 n.
336 122 396 148 212.

631 111 776 146 LIBER
801 111 912 148 XXV.
952 110 1052 148 CAP.
1081 115 1136 146 34.
1165 115 1219 146 35.
1656 110 1711 152 69

147 212 319 250 tantum
358 209 548 263 equitum
587 208 943 263 aequantiumque
981 222 1112 263 equos
1150 207 1378 249 velocitate
1419 207 1610 262 peditum
1641 207 1713 248 vix

147 271 365 323 poterant3
399 268 594 322 caesique
627 281 759 321 prope
790 268 934 321 plures
966 268 1011 308 in
1042 267 1146 321 fuga
1179 281 1306 321 quam
1338 266 1382 307 in
1415 279 1559 322 pugna
1592 268 1710 320 sunt3

148 341 225 369 nec
259 327 538 382 superfuisset
570 327 813 381 quisquam,
846 326 892 367 ni
924 326 1150 380 praecipiti
1181 326 1267 366 iam
1301 325 1354 367 ad
1386 340 1612 380 vesperum
1644 325 1712 367 die

147 401 233 428 nox
265 386 579 428 intervenisset.

264 444 393 486 Haud
425 444 614 499 segniter
644 442 744 485 inde
782 443 910 485 duces
942 442 1076 485 Poeni
1114 443 1290 484 fortuna
1327 443 1392 484 usi
1431 443 1659 485 confestim
1691 443 1784 485 <235

146 504 309 558 proelio
348 504 418 545 vix
457 503 699 544 necessaria
736 502 877 557 quiete
915 501 1017 543 data
1054 502 1263 543 militibus
1303 501 1356 542 ad
1394 502 1712 544 Hasdrubalem

146 561 407 604 Hamilcaris
446 562 625 603 citatum
665 575 817 617 agmen
856 560 1031 614 rapiunt
1068 575 1157 601 non
1189 560 1318 601 dubia
1352 575 1444 615 spe,
1475 562 1512 602 si
1542 575 1582 603 se
1614 576 1711 603 con-

146 621 404 675 iunxissent,
443 620 648 662 debellari
684 634 824 674 posse.

886 634 968 674 quo
1007 619 1080 660 ubi
1113 621 1179 660 est
1209 621 1404 673 ventum,
1442 620 1556 661 inter
1595 635 1709 662 exer-

148 681 257 722 citus
297 680 506 734 ducesque
545 679 726 721 victoria
757 679 918 720 recenti
949 678 1087 720 laetos
1126 679 1360 733 gratulatio
1399 679 1548 733 ingens
1585 680 1714 733 facta,

146 740 404 793 imperatore
430 740 553 779 tanto
580 752 677 779 cum
704 738 822 780 omni
848 738 1033 779 exercitu
1060 737 1197 778 deleto
1225 739 1267 778 et
1294 737 1473 778 alteram
1499 752 1576 791 pro
1597 738 1711 779 haud

146 798 277 840 dubia
307 812 454 852 parem
485 797 709 839 victoriam
737 798 1024 851 expectantes.

1082 795 1135 838 ad
1160 796 1379 838 Romanos
1405 797 1597 838 nondum
1623 798 1711 852 qui·
1739 808 1759 838 3

147 857 242 898 dem
275 856 391 898 fama
422 859 570 897 tantae
603 856 735 897 cladis
768 860 1033 910 pervenerat⁷
1066 855 1138 896 sed
1169 857 1380 897 maestum
1413 855 1627 910 quoddam
1660 856 1713 897 si-

146 916 331 957 lentium
358 917 451 956 erat
476 918 519 956 et
544 916 676 956 tacita
702 914 921 968 divinatio,
950 915 1086 969 qualis
1113 914 1199 955 iam
1223 915 1596 970 praesagientibus
1625 915 1712 956 ani-

146 975 227 1016 mis
260 974 512 1016 inminentis
549 975 653 1015 mali
690 988 783 1015 esse
823 974 944 1015 solet.

1006 974 1241 1028 imperator
1278 973 1370 1028 ipse
1411 976 1713 1029 praeterquam
1739 985 1761 1015 4

147 1033 261 1088 quod
299 1033 352 1074 ab
396 1033 524 1075 sociis
570 1047 614 1074 se
653 1033 887 1086 desertum,
930 1032 1121 1074 hostium
1167 1035 1338 1074 tantum
1380 1035 1526 1075 auctas
1566 1033 1713 1088 copias

148 1092 371 1146 sentiebat,
405 1092 651 1134 coniectura
682 1093 811 1133 etiam
844 1095 886 1133 et
918 1091 1085 1133 ratione
1112 1091 1165 1133 ad
1192 1092 1481 1145 suspicionem
1515 1095 1713 1146 acceptae

146 1151 281 1193 cladis
308 1165 435 1206 quam
464 1151 516 1192 ad
543 1151 674 1192 ullam
700 1151 860 1192 bonam
888 1164 1006 1205 spem
1033 1151 1209 1205 pronior
1235 1154 1344 1192 erat:
1372 1165 1559 1205 quonam
1586 1152 1712 1193 modo
1740 1161 1761 1192 5

147 1210 261 1251 enim
287 1209 605 1252 Hasdrubalem
632 1224 680 1251 ac
706 1209 951 1265 Magonem,
981 1210 1066 1250 nisi
1098 1209 1323 1251 defunctos
1357 1224 1433 1252 suo
1466 1211 1591 1264 bello,
1624 1211 1714 1251 sine

147 1269 379 1311 certamine
412 1268 621 1311 adducere
655 1269 886 1311 exercitum
918 1268 1141 1323 potuisse?
1193 1283 1276 1324 quo
1302 1269 1429 1311 modo
1457 1271 1600 1311 autem
1625 1284 1713 1310 non
1740 1280 1760 1311 6

150 1328 369 1370 obstitisse
403 1330 476 1369 aut
509 1328 562 1369 ab
596 1330 719 1383 tergo
755 1330 947 1369 secutum
972 1327 1170 1383 fratrem⁷
1201 1330 1249 1369 ut
1281 1328 1316 1369 si
1349 1328 1597 1383 prohibere,
1629 1343 1712 1383 quo

197 1460 250 1490 14.
266 1456 466 1500 praecipiti
488 1483 494 1490 .
512 1484 518 1489 .
540 1456 614 1501 die]
634 1456 709 1500 vgl.
726 1456 785 1497 10,
800 1460 856 1498 42,
874 1460 891 1489 1

150 1504 221 1538 icon
243 1514 416 1548 praeceps
445 1504 483 1537 in
504 1514 670 1537 occasum
689 1503 742 1537 sol
767 1507 843 1537 erat
863 1507 895 1537 et

147 1551 318 1595 adpetens
344 1561 418 1585 uox
438 1551 646 1594 periculosa
675 1555 707 1585 et
730 1554 894 1594 suspecta

147 1598 270 1633 omnia
295 1599 400 1633 etiam
428 1598 625 1632 victoribus
650 1598 818 1640 faciebat.

195 1644 254 1687 35,
285 1650 313 1679 1.
350 1645 623 1679 Hasdrubalem
649 1644 892 1689 Hamilcaris]

149 1691 230 1726 eine
256 1691 381 1726 blosse
402 1691 668 1736 Hinzufi'igung
691 1691 755 1725 des
777 1690 893 1725 Gene-

147 1738 222 1773 tivs
248 1739 345 1773 nach
366 1738 619 1783 griechischer
638 1738 776 1781 Weise,
801 1738 894 1772 eben

148 1797 187 1820 so
215 1790 270 1828 37,
298 1790 335 1828 8;
372 1786 543 1830 ‹lagegen
568 1785 638 1819 mit
663 1786 763 1829 tilius
789 1790 844 1827 32,
872 1790 893 1819 4

146 1833 221 1867 und
248 1837 278 1868 5.

193 1882 346 1916 citatum
372 1892 498 1925 aymen
523 1880 691 1959 rapiunt]
724 1890 762 1913 es
788 1879 893 1913 hatte

146 1930 289 1972 geniigt
320 1939 362 1961 zu
395 1938 509 1971 sagen
543 1928 730 1961 entwe(cr
758 1927 894 1971 raptim

146 1976 290 2021 agmine
315 1979 394 2009 acto
420 1976 474 2018 (6,
503 1978 566 2015 28,
593 1976 628 2018 2)
664 1974 753 2008 oder
784 1975 894 2008 citato

146 2023 290 2068 aymine
306 2023 593 2066 Ρνοῇσιῖςωιηΐιω·
613 2023 655 2065 (s.
677 2025 695 2062 ξ
716 2023 768 2064 8);
797 2020 893 2055 doch

146 2069 195 2102 ist
224 2068 312 2113 jene
344 2068 589 2112 Verbindung
625 2067 685 2102 bei
718 2067 798 2102 Liv.
831 2079 892 2112 ge—

146 2115 353 2158 wtjhnlieh,
386 2127 413 2149 z⁴
440 2114 480 2149 B.
509 2115 574 2157 23,
601 2120 663 2158 36,
690 2119 710 2149 3
743 2116 893 2150 citatam

147 2174 275 2209 aymen
294 2167 440 2207 praeter
468 2162 632 2207 Capuam
658 2163 768 2207 rapit.

195 2215 225 2244 2.
247 2211 359 2245 deleto
377 2214 409 2245 et
431 2237 436 2243 .
455 2237 460 2243 .
483 2210 723 2255 expectantes]
741 2209 891 2243 Coordi-

146 2256 276 2291 nation
308 2256 408 2291 eines
440 2256 538 2292 Part.
572 2257 785 2291 absolutum
816 2256 891 2289 und

147 2304 248 2337 eines
275 2303 312 2337 P.
342 2303 597 2347 coniunctum,
631 2303 691 2338 die
724 2303 786 2337 bei
812 2303 891 2337 Liv.

148 2351 253 2384 nicht
285 2351 405 2385 selten
437 2351 488 2385 ist
522 2351 598 2385 und
635 2351 729 2384 auch
767 2350 891 2385 nichts

146 2395 370 2442 Auffalliges
403 2398 486 2440 hat,
514 2398 563 2431 da
592 2399 807 2442 imperatore
835 2399 892 2433 cle—

148 2447 214 2480 leto
233 2446 367 2489 gesagt.
386 2445 534 2479 werden
552 2446 705 2487 musste,
726 2444 811 2479 weil
832 2444 892 2478 ein

148 2492 244 2526 Part.
269 2491 363 2526 Pers.
385 2491 467 2526 Act.
495 2494 553 2536 (=
574 2489 781 2536 στρατηγὸν
801 2488 891 2526 (ἰπο-

146 2539 338 2581 λέσαντεςζ)
390 2538 496 2572 nicht
539 2538 754 2573 voi-handen
806 2549 891 2574 war.

146 2586 254 2621 Also:
278 2585 393 2620 ‘weil'
412 2585 464 2619 sic
481 2614 487 2619 .
505 2614 510 2620 .
533 2585 743 2620 vemichtet
756 2585 886 2620 hatten

149 2633 240 2668 ‘und
260 2633 389 2667 daher’
421 2632 529 2666 einen
556 2632 710 2666 zweiten
732 2632 820 2677 Sicg
835 2661 841 2667 .
859 2661 865 2667 .
883 2661 889 2667 .

147 2682 369 2715 erwarteten
396 2681 503 2725 (qaod
528 2680 788 2724 eoepeetabant).

188 2739 260 2772 pro
284 2728 384 2762 hacid
403 2728 517 2762 (lubia
540 2754 545 2760 .
569 2754 574 2760 .
597 2727 835 2772 eapeetantes]
864 2738 890 2760 s.

147 2786 189 2808 zu
212 2778 266 2818 10,
296 2780 325 2809 1.

195 2826 226 2856 3.
248 2822 565 2868 praesayientibas
578 2820 729 2865 animis]
744 2820 794 2853 ist
809 2819 891 2854 Abl.

148 2869 243 2912 abs„
279 2869 364 2903 ‘wie
397 2880 482 2903 man
517 2868 569 2902 sic
597 2868 670 2911 (die
698 2868 891 2911 (limitatio)

968 1466 1042 1489 von
1060 1455 1180 1490 einem
1196 1484 1202 1490 .
1219 1483 1226 1490 .
1244 1484 1249 1490 .
1272 1455 1332 1490 bei
1347 1456 1715 1500 vorempfindendem

968 1502 1094 1537 Geiste
1122 1514 1164 1537 zu
1188 1502 1312 1537 haben
1338 1502 1484 1548 pflegt’‚
1512 1503 1544 1538 d.
1567 1503 1602 1537 h.
1627 1503 1713 1538 ‘wie

966 1561 1052 1583 man
1073 1549 1133 1584 ein
1154 1578 1160 1584 .
1177 1579 1184 1586 .
1206 1550 1325 1584 Uebel
1345 1550 1383 1584 in
1404 1551 1470 1584 der
1483 1550 1714 1595 Vorempfin-

968 1597 1069 1641 dung
1095 1597 1158 1631 des
1184 1597 1346 1631 Herzens
1372 1598 1491 1631 ahnt’.

1015 1661 1046 1690 4.
1074 1657 1231 1702 tantzcm]
1259 1657 1441 1691 Neutrum
1461 1658 1555 1690 statt
1574 1656 1713 1691 Adver-

967 1703 1080 1738 bium.

1014 1751 1172 1796 ratione]
1191 1750 1308 1784 durch
1323 1750 1560 1795 vei-nfinftige
1577 1751 1714 1786 Ueber-

967 1797 1117 1842 legung,
1147 1797 1435 1842 ‘Bel-echnung’.

1014 1845 1268 1890 suspicionem]
1293 1845 1583 1889 ‘Vermuthung'
1611 1845 1712 1880 eines

967 1891 1115 1935 UebeIS‚
1143 1891 1213 1926 wie
1234 1892 1328 1925 auch
1352 1892 1418 1925 das
1440 1892 1713 1937 dazugehorige

967 1938 1130 1973 Verbum
1144 1939 1350 1984 gebraucht
1364 1939 1474 1981 wird3
1497 1952 1523 1973 s.
1545 1939 1604 1982 24,
1620 1944 1675 1982 40,
1694 1945 1712 1975 1

967 1987 1062 2031 quod
1076 1988 1150 2021 iam
1170 1991 1253 2021 ante
1270 1991 1469 2031 suspectam
1488 1988 1621 2030 ficerat,
1642 1998 1712 2023 mo-

968 2038 1042 2068 tam
1069 2034 1198 2068 bellam
1223 2038 1282 2068 est.

1015 2097 1045 2127 5.
1073 2093 1261 2135 defunctos
1287 2120 1295 2127 .
1318 2121 1324 2127 .
1354 2093 1457 2138 bello]
1485 2093 1638 2139 ‹Iefimyi
1664 2093 1714 2127 ist

969 2139 1104 2184 ‘vollig
1130 2139 1244 2184 fcrtig
1270 2139 1431 2174 werden’
1460 2139 1530 2173 mit
1557 2167 1563 2174 .
1588 2168 1593 2174 .
1622 2140 1711 2185 (vgl.

966 2191 985 2229 ξ
1014 2191 1029 2221 1
1059 2188 1258 2231 debellare),
1286 2187 1356 2221 wie
1383 2188 1416 2229 1,
1443 2191 1500 2230 25,
1528 2191 1547 2222 9
1577 2189 1635 2222 ille
1654 2189 1712 2222 cle-

965 2235 1074 2279 s'unyi
1100 2235 1239 2278 proelio
1276 2235 1441 2278 sestinat3
1483 2245 1523 2269 so
1561 2236 1714 2280 definiat

960 2282 1148 2325 periculis,
1177 2282 1296 2317 morbo
1325 2293 1358 2316 U.
1386 2292 1417 2318 a.
1445 2294 1490 2315 m.
1520 2299 1563 2310 =
1593 2281 1712 2315 ‘iiber-

967 2328 1124 2363 stehen’.

988 2379 998 2384 ’
1015 2392 1045 2421 6.
1068 2399 1137 2432 qao
1159 2388 1259 2422 modo
1275 2415 1281 2421 .
1300 2414 1306 2421 .
1322 2398 1393 2421 ozon
1411 2387 1603 2432 obs-titisse]
1624 2386 1712 2420 kurz

966 2435 1059 2468 statt
1078 2445 1146 2478 quo
1166 2435 1268 2468 modo
1287 2434 1367 2476 sieri
1381 2435 1554 2477 potuisse,
1573 2438 1613 2468 at
1638 2444 1713 2468 non

965 2482 1146 2516 obsisteret
1184 2485 1248 2516 aut
1293 2481 1415 2524 (oder
1454 2480 1712 2524 wenigstens’)

965 2532 1177 2573 sequeretur.

1002 2587 1194 2631 prohibere
1227 2587 1435 2632 quominus]
1469 2586 1614 2620 kommt
1644 2597 1712 2619 nur

965 2633 1046 2667 hier
1077 2632 1138 2667 bei
1172 2632 1250 2667 Liv.
1278 2644 1361 2675 vor3
1396 2633 1488 2667 eben
1516 2644 1556 2667 so
1583 2632 1711 2666 allein-

967 2680 1121 2714 stehcnd
1144 2679 1194 2713 ist
1214 2680 1274 2722 26,
1292 2684 1348 2721 40,
1365 2685 1385 2714 4
1405 2692 1470 2715 nee
1488 2681 1577 2725 quin
1597 2691 1710 2715 erum-

960 2732 1060 2771 peret
1079 2728 1267 2771 prohiberi
1286 2731 1439 2771 poterat.
1484 2727 1541 2760 An
1568 2732 1589 2761 4
1616 2725 1711 2760 Stel-

966 2775 1026 2808 lcn
1053 2774 1168 2808 findet
1195 2773 1271 2807 sich
1299 2775 1489 2818 prohibere
1514 2786 1573 2816 ue,
1607 2776 1711 2808 sonst

966 2833 1034 2854 nur
1061 2832 1120 2865 pr.
1153 2821 1222 2854 mit
1256 2821 1322 2856 lnf.
1351 2821 1440 2855 oder
1466 2821 1551 2856 Ace.
1587 2834 1615 2855 c.
1644 2820 1709 2854 inf.

968 2870 1146 2911 (ει-σεο,
1217 2873 1295 2910 4,4.
1327 2873 1450 2911 11‚13.
1480 2872 1581 2911 13‚1.
1611 2872 1709 2908 14‚7-2
