1882 3163
131 776 150 806 9
179 779 256 806 suo
290 767 414 806 esset.

178 127 236 168 54
663 125 809 160 LIBER,
834 124 985 160 XXIIII.
1014 125 1115 160 CAP.
1145 129 1200 160 31.

1523 142 1548 160 a.
1573 143 1601 161 u.
1627 142 1651 160 c.
1678 136 1742 163 540.

130 246 149 276 6
177 236 345 290 tiosque
378 235 428 276 de
462 236 578 276 statu
609 233 826 288 praesenti
847 231 1079 287 Syracusas
1112 234 1304 274 mittunt.
1353 233 1547 275 fraudem
1574 248 1740 289 quoque

176 294 464 348 Hippocrates
499 293 617 334 addit
647 292 865 334 inclinatis
899 291 952 333 ad
985 306 1156 333 omnem
1190 291 1475 345 suspicionem
1507 292 1662 333 animis
1701 294 1744 334 et

179 351 446 394 Cretensium
479 351 734 407 quibusdam
767 351 820 392 ad
851 351 1006 392 itinera
1037 350 1261 392 insidenda
1292 350 1436 392 missis
1468 351 1585 392 velut
1615 351 1743 392 inter-

132 422 150 453 7
178 414 326 466 cepssas
359 411 545 465 litteras,
578 425 682 466 quas
715 410 806 465 ipse
838 412 1154 464 composuerat,
1186 409 1356 451 recitat:
1397 409 1408 426 ς
1419 412 1638 463 praetores
1672 408 1744 464 Sy-

177 471 376 512 racusani
427 470 592 512 consuli
635 467 873 510 Marcello'.

936 469 1167 510 secundum
1220 468 1420 519 salutem,
1469 470 1517 509 ut
1566 468 1744 524 adsoleb,

179 530 388 583 scriptum
421 532 512 570 erat
543 530 656 570 recte
690 543 785 569 eum
819 530 946 582 atque
978 527 1126 569 ordine
1158 527 1327 580 fecisse,
1360 527 1472 581 quod
1504 528 1549 568 in
1575 526 1744 570 Leonti-

130 598 150 629 8
177 588 246 629 nis
289 588 399 629 nulli
442 588 715 643 pepercisset,

778 586 851 628 sed
896 586 1085 628 omnium
1126 587 1515 627 mercennariorum
1558 585 1744 628 militum

178 647 354 688 eandem
388 661 480 689 esse
512 661 702 697 causam,
734 660 811 687 nec
843 659 1045 699 umquam
1073 643 1304 699 Syracusas
1339 645 1577 699 quieturas,
1610 645 1744 688 donec

178 706 405 760 quicquam
445 708 715 747 externorum
755 704 1011 745 auxiliorum
1052 705 1127 744 aut
1158 703 1205 744 in
1236 704 1341 744 urbe
1375 706 1449 744 aut
1478 704 1524 744 in
1557 705 1745 746 exercitu

475 765 618 818 itaque
651 764 771 804 daret
803 777 995 816 operam,
1027 764 1074 802 ut
1107 776 1197 816 eOS,
1230 762 1303 816 qui
1335 777 1430 803 cum
1463 763 1550 803 suis
1577 766 1745 816 praeto-

178 823 297 864 ribus
324 826 465 865 castra
493 824 545 864 ad
565 823 743 877 Megara
768 821 992 874 haberent,
1024 821 1070 860 in
1097 835 1219 861 suam
1245 823 1506 874 potestatem
1532 821 1746 876 redigeret

109 893 151 924 10
178 896 226 923 ac
259 882 468 937 supplicio
502 897 647 923 eorum
679 881 884 922 liberaret
914 879 1089 920 'candem
1113 877 1358 933 Syracusas.

1420 880 1524 921 haec
1556 894 1652 921 cum
1685 895 1746 922 re-

178 941 311 982 cibata
351 944 510 994 essent,
555 955 650 982 cum
690 941 812 980 tanto
846 939 1032 979 clamore
1066 937 1118 978 ad
1151 952 1270 978 arma
1301 938 1539 979 discursum
1572 942 1654 993 est,
1698 942 1745 980 ut

108 1011 149 1041 11
176 1003 394 1054 praetores
437 1001 549 1040 inter
580 998 811 1040 tumultum
843 997 988 1051 pavidi
1021 996 1363 1050 abequitaverint
1395 995 1641 1051 Syracusas.
1703 1000 1746 1040 et

176 1073 229 1099 ne
267 1059 370 1114 fuga
409 1059 579 1113 quidem
619 1072 764 1098 eorum
805 1055 956 1097 seditio
996 1069 1226 1109 conpressa
1266 1057 1349 1109 est,
1393 1055 1662 1110 impetusque
1701 1057 1747 1097 in

179 1117 469 1171 Syracusanos
502 1117 661 1158 milites
694 1116 874 1169 fiebant,
907 1128 983 1155 nec
1016 1114 1069 1155 ab
1102 1113 1191 1154 ullo
1224 1116 1509 1168 temperatum
1541 1114 1671 1169 foreb,
1701 1115 1761 1156 ni¹

176 1176 392 1231 Epicydes
438 1179 564 1230 atque
596 1175 884 1229 Hippocrates
929 1173 1016 1214 irae
1061 1172 1351 1214 multitudinis
1398 1173 1568 1214 obviam
1599 1174 1746 1228 issent,

108 1246 149 1277 12
176 1249 263 1276 non
290 1250 313 1276 a
345 1235 637 1277 misericordia
670 1236 744 1275 aut
774 1233 963 1274 humano
997 1231 1197 1285 consilio,
1243 1231 1317 1272 sed
1348 1246 1400 1272 ne
1434 1246 1552 1286 spem
1584 1233 1744 1274 reditus

176 1294 469 1348 praeciderent
507 1295 606 1348 sibi,
650 1295 692 1334 et
734 1307 829 1333 cum
868 1292 986 1345 ipsos
1029 1290 1156 1331 simul
1194 1290 1351 1331 milites
1391 1291 1497 1332 fidos
1536 1291 1747 1333 haberent

225 1439 255 1469 6.
295 1434 342 1479 et]
375 1433 426 1468 ist
452 1432 650 1478 explieativ
682 1432 771 1466 ‘und
797 1431 922 1466 zwar’.

224 1493 343 1536 addit]
370 1492 533 1526 n'amlich
553 1504 598 1525 zu
619 1491 703 1526 dem
723 1490 847 1525 bisher
868 1501 922 1524 er-

176 1539 331 1585 langizen
351 1539 520 1584 Erfolge;
544 1538 609 1573 der
623 1538 817 1582 UmtamI,
836 1538 922 1571 wel-

178 1587 264 1621 cher
289 1586 341 1620 im
368 1586 568 1631 folgenden
588 1585 671 1620 Abl.
692 1585 766 1620 abs.
794 1596 925 1629 ausge-

178 1633 311 1668 druekt
336 1633 394 1676 ist,
420 1633 548 1667 machfi
572 1632 636 1666 ihn
661 1632 775 1666 kiihn.

224 1705 334 1749 velut]
384 1703 632 1748 ‘angeblich’‚
675 1702 745 1747 eig.
787 1702 926 1746 ‘gleich

178 1752 233 1786 als
259 1762 366 1786 wenn
393 1763 431 1785 er
452 1771 496 1776 —
516 1750 644 1793 ware',
672 1760 746 1783 was
767 1760 805 1783 er
825 1749 924 1792 aber,

178 1798 247 1833 wie
274 1799 340 1833 der
365 1798 594 1833 Relaffivsatz
620 1796 791 1841 angiebt,
826 1796 925 1830 that-

181 1846 347 1880 s‘achlich
375 1845 478 1880 nicht
505 1856 592 1879 war.

227 1897 258 1927 7.
298 1897 339 1927 ut
364 1893 513 1936 adsolet]
551 1891 643 1927 wird
674 1901 745 1925 von
772 1891 812 1925 Li
846 1901 926 1924 vor-

178 1940 378 1984 zugsweise
404 1940 464 1974 bei
488 1939 643 1984 Angabe
675 1949 747 1972 von
777 1937 926 1981 Opsern,

178 1986 379 2031 religiosen
412 1986 654 2021 Gebrauchen
686 1985 762 2018 und
792 1985 928 2019 Festen

182 2035 323 2078 gesesszt
361 2034 435 2068 und
474 2033 743 2068 kennzeichnet
779 2031 857 2066 sich
889 2042 927 2066 so

179 2081 233 2115 als
268 2080 328 2114 ein
360 2080 682 2115 alberthfimlieher
715 2078 923 2113 Sacralaus-

179 2127 304 2162 druck.
356 2128 444 2162 Hier
475 2127 525 2161 isis
553 2131 594 2160 ut
629 2127 779 2160 adsolet
813 2136 927 2169 unge-

180 2175 383 2216 wo'hnlich‚
411 2185 498 2207 man
524 2174 739 2208 erwartete:
766 2176 807 2206 ut
831 2173 928 2214 solet,

180 2225 221 2256 ut
251 2223 292 2264 fit
323 2222 411 2256 oder
443 2221 548 2264 drgl.‚
575 2221 670 2254 doch
697 2219 767 2253 soll
793 2229 928 2263 augen—

182 2268 385 2303 scheinlich
406 2268 525 2302 damit
544 2267 609 2301 auf
627 2267 707 2301 eine
728 2266 842 2300 durch
858 2266 929 2299 den

182 2316 316 2361 langen
367 2314 561 2350 Gebrauch
614 2313 929 2357 festbegriindete,

181 2363 503 2407 gewissermassen
540 2360 806 2395 unantastbare
841 2359 927 2393 For-

181 2411 256 2444 mel
281 2408 531 2454 hingewiesen
557 2407 715 2442 werden.

228 2472 318 2503 reete
351 2471 456 2512 atque
488 2467 631 2512 ordine]
671 2466 720 2500 isi:
752 2466 811 2499 die
843 2465 929 2499 For-

182 2516 271 2559 mel,
299 2515 369 2550 mit
393 2515 553 2549 welcher
576 2513 827 2557 Handlungen
854 2512 927 2546 und

182 2563 457 2606 Anordnungen
482 2561 680 2596 Jemandes
708 2571 778 2594 von
803 2559 930 2594 Seiten

183 2609 283 2644 einer
308 2608 477 2643 Behorde
503 2607 747 2653 (namentlich
774 2607 837 2641 des
867 2605 929 2640 Se-

183 2657 280 2699 nabs)
319 2656 581 2701 gutgeheissen
622 2654 786 2695 werden;
825 2666 853 2687 z.
888 2652 928 2686 B.

183 2702 242 2746 30,
270 2707 327 2747 42,
352 2707 371 2737 9
399 2703 603 2746 Scipionem
630 2705 721 2735 reete
746 2704 851 2744 atque
874 2711 929 2734 or-

183 2750 267 2783 dine
298 2751 421 2792 fecisse
452 2750 570 2784 videri
601 2753 633 2783 et
664 2749 798 2791 faeere,
836 2747 931 2791 quod

184 2807 240 2829 eos
265 2798 306 2830 in
331 2797 462 2831 vinclis
486 2797 626 2830 habeat.

232 2848 263 2876 8.
279 2844 606 2877 mercennariorum
621 2842 711 2887 mih]
727 2854 753 2876 s.
770 2853 812 2875 zu
829 2845 881 2884 16,
898 2844 929 2875 6.

232 2890 391 2934 causam]
421 2902 447 2924 s.
476 2902 519 2923 zu
546 2894 601 2932 21,
632 2893 660 2925 1.

1042 1440 1106 1463 uec
1148 1429 1333 1474 umquam]
1377 1440 1469 1473 ganz
1502 1429 1652 1464 'ahnlioh
1684 1429 1746 1474 21,

998 1480 1053 1520 10,
1072 1480 1092 1510 3
1119 1487 1183 1510 rcec
1208 1487 1389 1520 umquam,
1416 1477 1526 1511 donee
1551 1478 1746 1522 sanquiru's

996 1524 1224 1567 nominisque
1254 1523 1415 1557 Barcini
1458 1524 1648 1568 quisquam
1685 1535 1745 1558 su-

992 1571 1128 1614 persit,
1175 1570 1344 1614 quietura
1375 1570 1546 1605 Romana
1589 1571 1744 1613 foedera.

997 1617 1141 1662 Wegen
1181 1617 1373 1661 quiequam
1420 1616 1485 1650 ‘im
1524 1617 1745 1663 Geringsten

999 1664 1129 1698 etwas’
1158 1664 1232 1708 vgl
1260 1676 1293 1697 u.
1321 1675 1352 1698 a.
1393 1663 1428 1707 4,
1456 1668 1512 1706 60,
1541 1668 1558 1698 1
1586 1665 1747 1707 effectum

999 1721 1069 1746 esse
1093 1711 1267 1754 fatentur,
1299 1714 1340 1744 ut
1364 1722 1475 1754 uerno,
1508 1712 1618 1746 donec
1649 1712 1746 1756 quie·

999 1770 1107 1802 quam
1144 1758 1278 1792 virium
1315 1761 1528 1802 superesset,
1571 1759 1748 1803 sanyuinz'

999 1816 1065 1840 suo
1085 1809 1262 1849 parceret.

1048 1856 1079 1886 9.
1119 1852 1212 1897 suis]
1248 1851 1353 1886 ihren
1388 1852 1552 1896 syrakus.
1580 1852 1748 1887 Fiihrem

1002 1899 1101 1934 Sosis
1127 1899 1203 1933 und
1230 1899 1464 1935 Dinomenes,
1672 1916 1674 1919 ·

1050 1950 1104 1981 10.
1144 1947 1447 1990 abequitaverint]
1486 1946 1551 1980 das
1582 1946 1747 1981 Verbum

1001 1993 1050 2027 ist
1075 1989 1139 2028 ἅπ.
1168 1992 1233 2037 εἰρ.
1260 1993 1311 2027 im
1337 1993 1479 2028 Latein.

1051 2045 1104 2075 11.
1132 2040 1178 2085 et]
1206 2052 1233 2074 s.
1260 2052 1303 2074 zu
1329 2044 1386 2084 27,
1414 2044 1445 2075 7.

1048 2088 1284 2131 impetusque]
1299 2098 1428 2131 wegen
1448 2097 1515 2131 que
1535 2098 1560 2121 3.
1578 2099 1621 2120 zu
1637 2090 1689 2129 13,
1713 2090 1744 2121 5.

1049 2134 1298 2177 temperatum]
1361 2137 1464 2177 temp.
1528 2133 1749 2167 construiert

1002 2180 1078 2215 Liv.
1117 2181 1155 2214 in
1193 2180 1259 2214 der
1288 2180 1510 2224 Bedeubung
1551 2179 1743 2214 ‘sehonen’

1001 2228 1178 2271 (parcere)
1211 2227 1280 2261 mit
1305 2227 1406 2270 Dat„
1444 2227 1483 2260 in
1515 2227 1581 2261 der
1605 2226 1747 2261 Beden-

1001 2276 1094 2318 tung
1117 2273 1210 2308 ‘sich
1232 2274 1439 2308 euthalten’
1460 2274 1664 2317 (abstinere)
1678 2273 1748 2308 mit

1002 2321 1066 2356 der
1090 2321 1198 2365 Prap.
1226 2332 1259 2355 a.
1310 2320 1393 2355 Wie
1426 2320 1504 2355 dies
1533 2320 1593 2355 bei
1617 2320 1747 2354 Perso—

1001 2380 1074 2402 nen
1101 2385 1143 2396 =
1165 2379 1316 2411 parcere
1341 2367 1400 2411 ist,
1427 2379 1466 2402 so
1494 2369 1578 2411 sagt
1600 2368 1641 2401 L.
1667 2379 1746 2401 um-

1002 2415 1161 2459 gekehrb
1202 2414 1339 2449 einmal
1371 2414 1449 2459 (25,
1483 2418 1546 2456 25,
1579 2416 1614 2458 6)
1653 2417 1694 2448 ut
1725 2425 1748 2449 a

1003 2462 1171 2496 caedibus
1195 2465 1406 2505 parceretur
1426 2460 1522 2505 (ebd.
1543 2465 1561 2502 ἕ
1578 2466 1598 2495 9
1625 2473 1648 2495 a
1672 2471 1748 2495 eae-

1002 2509 1109 2543 dibus
1145 2512 1379 2553 temperatum
1411 2511 1485 2551 est).
1535 2508 1590 2541 Im
1621 2507 1748 2541 Passiv

1003 2555 1154 2590 vertritt
1177 2559 1409 2599 temperatum
1432 2558 1481 2589 est
1505 2554 1747 2599 regelmassig

1004 2602 1062 2637 die
1082 2602 1372 2637 Perfecbformen
1391 2603 1455 2637 des
1474 2602 1637 2636 Verbum
1656 2612 1746 2644 par-

1003 2660 1086 2685 cere.

1053 2701 1106 2732 12.
1134 2708 1158 2730 a
1181 2695 1445 2740 misericordia]
1473 2706 1501 2729 3.
1527 2707 1570 2728 zu
1596 2697 1652 2737 24,
1679 2698 1711 2728 5.

1051 2747 1083 2777 et
1109 2754 1188 2777 eum
1212 2743 1324 2787 ipsos]
1359 2741 1418 2776 die
1444 2740 1746 2785 vorhergehende

1003 2790 1206 2834 Finalpart.
1238 2800 1283 2823 'ne
1315 2788 1497 2823 erati-eckb
1527 2787 1606 2822 ihre
1638 2787 1748 2822 Krafb

1003 2837 1042 2871 in
1067 2836 1268 2881 positivem
1289 2835 1400 2870 Sinne
1420 2835 1514 2869 auch
1534 2834 1600 2869 auf
1621 2834 1748 2869 diesen

1005 2884 1102 2919 Satz.
