2912 4368
980 1711 1020 1742 10

980 2005 1023 2034 15

983 2887 1002 2916 3
1007 2888 1026 2917 Ο

984 3494 1027 3523 411

1560 1068 1775 1113 Periocha
1813 1069 1920 1113 libri
1959 1070 2093 1113 XXII.

1165 1171 1381 1211 Hannibal
1414 1184 1487 1223 per
1521 1171 1744 1211 continuas
1772 1171 1942 1225 vigilias
1971 1172 2011 1211 in
2039 1172 2267 1225 paludibus
2298 1172 2420 1213 oculo
2451 1172 2607 1213 amisso

1045 1230 1089 1270 in
1115 1229 1335 1270 Etruriam
1362 1229 1497 1282 venit,
1532 1243 1607 1282 per
1635 1244 1740 1283 quas
1773 1230 1948 1283 paludes
1976 1230 2212 1284 quadriduo
2242 1233 2282 1271 01
2309 1230 2446 1271 tribus
2475 1231 2607 1271 nocti-

1046 1288 1124 1329 bus
1166 1290 1254 1329 sine
1294 1289 1380 1328 ulla
1420 1289 1564 1342 requie
1608 1288 1690 1329 iter
1734 1288 1845 1330 fecit.
1910 1287 1954 1330 C.
1988 1288 2227 1329 Flaminius
2269 1290 2435 1342 consul,
2479 1289 2608 1330 homo

1047 1348 1320 1399 temerarius,
1342 1350 1490 1388 contra
1513 1347 1704 1400 auspicia
1725 1348 1962 1401 profectus,
1991 1349 2125 1401 signis
2149 1348 2407 1389 militaribus
2431 1348 2611 1402 effossis,

1049 1421 1155 1460 quae
1187 1406 1283 1447 tolli
1315 1420 1402 1447 non
1436 1409 1651 1459 poterant,
1695 1409 1737 1446 et
1769 1406 1822 1446 ab
1856 1421 1984 1461 equo,
2019 1422 2143 1461 quem
2177 1407 2503 1459 conscenderat,
2537 1422 2611 1461 per

1047 1468 1176 1518 caput
1208 1465 1449 1517 devolutus,
1483 1465 1649 1505 insidiis
1685 1466 1737 1505 ab
1771 1464 2015 1506 Hannibale
2049 1466 2363 1507 circumventus
2397 1466 2448 1506 ad
2477 1466 2610 1506 Thra-

1048 1538 1299 1577 symennum
1338 1524 1478 1564 lacum
1518 1538 1613 1564 011111
1654 1524 1839 1565 exercitu
1879 1539 2025 1565 caesus
2072 1528 2147 1565 est.
2212 1540 2283 1565 sex
2323 1526 2457 1578 milia,
2503 1539 2611 1578 quae

1047 1585 1293 1636 eruperant,
1340 1583 1421 1623 fide
1462 1583 1515 1623 ab
1548 1582 1782 1624 Atherbale
1822 1583 1922 1624 data
1961 1584 2138 1636 perfidia
2169 1584 2428 1624 Hannibalis
2469 1584 2611 1625 vincta

1050 1644 1159 1683 sunt.
1212 1656 1306 1683 cum
1341 1641 1392 1682 ad
1425 1642 1625 1682 nuntium
1653 1642 1782 1682 0131110
1804 1641 1965 1683 Romae
1994 1642 2132 1683 luctus
2163 1646 2291 1695 esset,
2325 1643 2431 1683 duae
2453 1646 2611 1683 matres

1048 1714 1097 1740 ex
1144 1701 1362 1755 insperato
1408 1702 1591 1753 receptis
1638 1701 1737 1740 filiis
1785 1701 1940 1754 gaudio
1980 1704 2172 1742 mortuae
2215 1704 2327 1743 sunt.
2403 1702 2455 1742 ob
2502 1702 2612 1742 113110

1052 1759 1213 1800 cladem
1253 1774 1302 1800 ex
1342 1759 1563 1813 Sibyllinis
1610 1760 1730 1799 libris
1777 1773 1847 1799 ver
1887 1774 2053 1800 sacrum
2098 1764 2255 1801 votum.
2326 1775 2421 1801 011111
2461 1760 2612 1801 deinde

1051 1818 1097 1866 Q.
1120 1818 1277 1859 Fabius
1298 1818 1509 1859 Maximus
1539 1818 1725 1858 dictator
1755 1818 1954 1858 adversus
1976 1818 2266 1859 Hannibalem
2294 1820 2448 1860 missus
2476 1820 2613 1860 nollet

1050 1878 1139 1917 acie
1173 1892 1267 1917 cum
1302 1891 1350 1918 eo
1386 1877 1634 1931 confligere,
1666 1891 1719 1916 110
1747 1879 1895 1917 0011113
1921 1877 2107 1918 ferocem
2135 1880 2201 1918 tot
2227 1878 2416 1918 victoriis
2444 1878 2612 1919 hostem

1051 1937 1210 1977 &Tritos
1243 1936 1432 1976 adversis
1466 1936 1639 1988 proeliis
1672 1935 1829 1975 milites
1863 1949 2033 1989 pugnae
2067 1936 2369 1989 committeret,
2407 1939 2448 1977 et
2482 1952 2611 1990 oppo-

1050 1995 1189 2035 nendo
1230 2009 1274 2035 se
1314 1997 1483 2034 tantuin
1517 1996 1693 2034 conatus
1728 1994 1986 2034 Hannibalis
2026 1995 2269 2048 impediret,
2311 1994 2365 2035 M.
2399 1994 2612 2036 Minucius

1052 2053 1259 2107 magister
1292 2053 1499 2106 equitum,
1532 2052 1651 2094 ferox
1687 2055 1728 2093 et
1760 2054 2031 2107 temerarius,
2064 2053 2329 2094 criminando
2358 2054 2612 2095 dictatorem

1050 2114 1270 2165 tamquam
1304 2125 1479 2165 segnem
1514 2114 1556 2152 et
1594 2111 1789 2152 timidum
1829 2112 1989 2165 effecit,
2028 2115 2075 2152 ut
2113 2112 2262 2166 populi
2302 2113 2419 2153 iussu
2459 2127 2611 2166 aequa-

1051 2174 1166 2211 retur
1194 2172 1230 2212 ei
1258 2185 1352 2211 cum
1380 2171 1588 2212 dictatore
1615 2171 1858 2224 imperium3
1892 2171 2112 2224 divisoque
2139 2171 2326 2212 exercitu
2348 2186 2443 2212 cum
2464 2172 2612 2225 iniquo

1052 2230 1146 2271 loco
1180 2230 1445 2271 conflixisset
1478 2232 1520 2270 01
1552 2230 1595 2270 111
1628 2230 1814 2270 maximo
1843 2230 2087 2270 discrimine
2120 2230 2312 2284 legiones
2341 2231 2430 2271 eius
2459 2233 2612 2283 essent,

1012 2300 1016 2301 ⁷
1054 2290 1378 2342 superveniente
1403 2304 1497 2330 cum
1520 2289 1706 2330 exercitu
1728 2287 1860 2329 Fabio
1882 2288 2069 2329 Maximo
2100 2289 2378 2340 [discrimine]
2406 2289 2612 2330 liberatus

1053 2350 1130 2388 est.
1187 2362 1269 2401 quo
1302 2348 1509 2389 beneficio
1544 2349 1681 2388 victus
1715 2350 1855 2387 eastra
1888 2362 1983 2388 cum
2012 2362 2059 2389 00
2092 2348 2231 2389 iunxit
2258 2351 2298 2388 et
2324 2351 2489 2401 patrem
2517 2362 2613 2388 eum

1054 2407 1255 2447 salutavit
1282 2407 1476 2460 idemque
1504 2407 1641 2447 facere
1668 2406 1825 2446 milites
1854 2407 1990 2448 iussit.
2040 2405 2271 2460 Hannibal,
2304 2410 2472 2447 vastata
2494 2405 2613 2447 Cam-

1053 2466 1181 2519 pania
1213 2466 1326 2506 inter
1359 2464 1595 2506 Casilinum
1630 2464 1833 2518 oppidum
1867 2468 1908 2505 01
1935 2464 2184 2506 Calliculam
2211 2468 2403 2506 montem
2431 2480 2454 2505 a
2481 2465 2612 2506 Fabio

1054 2525 1217 2576 clusus,
1258 2525 1485 2565 sarmentis
1527 2525 1579 2564 ad
1619 2538 1777 2564 cornua
1820 2524 1949 2564 boum
1984 2525 2170 2577 alligatis
2204 2526 2246 2564 et
2278 2524 2461 2564 incensis
2494 2538 2613 2578 prae-

1055 2582 1208 2623 sidium
1242 2583 1553 2635 Romanorum,
1588 2582 1699 2636 quod
1728 2580 1980 2622 Calliculam
2014 2582 2247 2636 insidebat,
2279 2582 2447 2636 fugavit
2481 2586 2522 2623 et
2555 2583 2614 2623 sic

1050 2644 1345 2696 transgressus
1379 2644 1443 2682 est
1471 2643 1637 2682 saltum.
1688 2641 1883 2694 idemque
1911 2640 2017 2681 Fabi
2045 2641 2223 2682 Maximi
2251 2641 2486 2694 dictatoris,
2519 2656 2614 2682 cum

1052 2701 1354 2754 circumposita
1386 2704 1546 2753 ureret,
1580 2714 1683 2754 agro
1718 2700 1926 2754 pepercit,
1968 2703 2013 2740 ut
2053 2700 2173 2740 illum
2213 2702 2433 2753 tamquam
2475 2700 2613 2753 prodi-

1051 2762 1188 2799 torem
1229 2762 1474 2813 suspectum
1512 2759 1682 2799 faceret.
1750 2759 1936 2799 Aemilio
1977 2759 2128 2799 deinde
2171 2759 2304 2799 Paulo
2339 2761 2380 2799 et
2412 2758 2612 2800 Terentio

1052 2817 1247 2859 Varrone
1288 2818 1533 2858 consulibus
1576 2820 1652 2869 [et]
1696 2818 1871 2857 ducibus
1912 2832 2005 2857 cum
2046 2818 2229 2858 maxima
2262 2817 2379 2858 clade
2413 2818 2613 2858 adversus

1054 2875 1341 2917 Hannibalem
1387 2877 1438 2917 ad
1480 2875 1649 2917 Cannas
1694 2878 1935 2929 pugnatum
1980 2878 2061 2929 est,
2107 2890 2312 2930 caesaque
2360 2890 2407 2916 eo
2452 2876 2613 2929 proelio

1053 2947 1340 2987 Romanorum
1376 2947 1493 2987 XLV
1539 2962 1634 2987 cuni
1674 2946 1809 2986 Paulo
1851 2947 2022 2987 consule
2068 2949 2110 2986 et
2155 2946 2421 2987 senatoribus
2459 2945 2533 2986 XC
2573 2949 2614 2986 et

1053 3006 1348 3045 consularibus
1394 3009 1468 3045 aut
1512 3005 1783 3057 praetoribus
1825 3008 1898 3044 aut
1937 3004 2141 3044 aediliciis
2181 3004 2312 3044 XXX.
2373 3006 2472 3055 post
2506 3018 2612 3057 quae

1054 3077 1148 3103 011111
1171 3078 1194 3103 3
1214 3063 1430 3103 1101111111110
1453 3063 1794 3103 adulescentibus
1820 3066 1997 3115 propter
2025 3062 2364 3114 desperationem
2390 3062 2610 3102 consilium

1055 3121 1104 3160 de
1149 3121 1428 3173 relinquenda
1467 3121 1592 3161 Italia
1638 3121 1836 3172 iniretur,
1881 3120 1925 3161 l'.
1965 3119 2187 3160 Cornelius
2231 3120 2370 3173 Scipio
2414 3121 2612 3161 tribunus

1056 3179 1261 3232 militum,
1294 3179 1364 3232 qui
1392 3179 1619 3219 Africanus
1646 3182 1796 3230 postea
1822 3181 1999 3219 vocatus
2028 3181 2109 3230 est,
2142 3179 2288 3219 stricto
2319 3194 2444 3231 super
2471 3180 2613 3232 capita

1055 3238 1382 3278 deliberantium
1416 3240 1528 3278 ferro
1563 3237 1720 3277 iuravit
1753 3251 1796 3276 se
1828 3251 1905 3289 pro
1938 3237 2060 3277 hoste
2099 3237 2345 3277 habiturum
2386 3252 2497 3289 eum,
2540 3238 2611 3290 qui

1053 3297 1097 3336 in
1129 3297 1259 3337 verba
1294 3311 1369 3336 sua
1402 3311 1487 3337 non
1520 3297 1718 3348 iurasset,
1761 3296 2001 3349 effecitque,
2039 3298 2086 3335 ut
2121 3310 2267 3336 omnes
2300 3311 2385 3336 non
2418 3296 2613 3335 relictum

1053 3355 1104 3394 iri
1139 3371 1162 3395 3
1196 3370 1239 3395 00
1272 3354 1442 3395 ltaliam
1483 3355 1573 3395 iure
1613 3354 1789 3394 iurando
1825 3354 2205 3407 tulstringcrentur.
2267 3357 2441 3407 propter
2471 3354 2611 3406 pauci-

1054 3427 1186 3465 tatem
1220 3426 1402 3466 militum
1437 3425 1540 3465 Vll]
1579 3438 1797 3465 servorum
1832 3427 1996 3463 armata
2030 3426 2139 3465 sunt.
2203 3424 2381 3477 captivi,
2415 3438 2508 3463 cum
2542 3438 2611 3476 po-

1054 3486 1187 3523 testas
1221 3487 1333 3524 esset
1363 3484 1615 3537 redimendi,
1649 3482 1858 3535 redempti
1892 3497 1975 3523 non
2009 3485 2117 3523 sunt.
2182 3486 2397 3535 praeterea
2430 3482 2612 3533 trepida-

1057 3542 1214 3582 tionem
1256 3543 1372 3583 urbis
1418 3546 1459 3583 et
1501 3544 1659 3583 luctum
1707 3543 1748 3580 et
1788 3555 1853 3580 res
1897 3542 1939 3580 in
1983 3541 2192 3593 Hispania
2239 3541 2409 3580 meliore
2458 3543 2611 3580 eventu

1056 3602 1197 3653 gestas
1232 3602 1435 3641 continet.
1492 3601 1662 3654 Opimia
1696 3602 1737 3639 01
1763 3598 1984 3639 Florentia
2011 3599 2205 3639 Vestales
2240 3598 2424 3652 virgines
2460 3598 2610 3638 incesti

1054 3658 1279 3699 damnatae
1315 3662 1423 3699 sunt.
1490 3659 1675 3700 Varroni
1710 3658 1880 3697 obviam
1914 3658 2020 3698 itum
2055 3661 2094 3697 et
2128 3658 2290 3711 gratiae
2323 3660 2459 3708 30130,
2499 3658 2612 3709 quod

1054 3716 1102 3754 de
1135 3732 1177 3755 re
1213 3718 1381 3769 publica
1416 3732 1501 3758 non
1535 3718 1811 3771 desperasset.
