1882 3163
122 131 147 149 a.
168 123 235 149 Chr.
257 131 285 149 n.
306 124 366 149 212.

644 113 793 148 LIBER
818 113 930 148 XXV.
971 113 1072 149 CAP.
1101 118 1156 148 15.

1635 113 1692 155 35

119 211 276 252 insessi
295 210 467 252 hostem
487 211 708 252 incautum
728 210 1010 264 pertraheret.
1060 225 1142 265 quo
1163 210 1238 251 ubi
1258 212 1324 251 est
1342 213 1530 265 ventum,
1556 211 1692 252 coorti
1720 222 1761 252 13

122 284 219 311 cum
263 270 447 312 clamore
492 270 655 324 equites
696 283 829 323 prope
871 269 1136 310 inconditam
1184 268 1475 311 Thurinorum
1519 270 1691 311 turbam

122 343 200 370 nec
241 329 348 370 satis
387 328 471 370 fido
511 329 673 381 animo,
717 327 828 368 unde
870 328 1110 382 pugnabat,
1156 330 1343 369 stantem
1389 329 1602 384 extemplo
1646 328 1692 370 in

121 388 274 443 fugam
304 390 560 429 averterunt.

122 447 214 500 des,
252 446 352 488 hinc
385 461 512 501 eques
545 446 744 500 urgebat,
785 447 930 486 tamen
971 445 1235 499 aliquamdiu
1276 459 1465 500 pugnam
1509 450 1690 488 traxere.

121 509 337 560 postremo
371 508 414 546 et
452 505 536 559 ipsi
573 507 697 559 terga
728 506 903 545 vertunt
942 506 1070 558 atque
1108 504 1162 545 ad
1201 505 1351 546 urbem
1382 505 1566 561 fugiunt.

1629 506 1690 547 ibi

120 564 363 619 proditores
396 563 646 619 conglobati
672 577 770 603 cum
795 563 1068 616 popularium
1096 577 1252 618 agmen
1277 565 1527 617 patentibus
1553 565 1690 619 portis

122 623 404 678 accepissent,
435 623 509 664 ubi
539 621 760 664 Romanos
792 622 913 663 fusos
946 621 1000 663 ad
1031 622 1182 663 urbem
1213 622 1315 663 ferri
1346 624 1560 678 viderunt,
1593 638 1690 666 con-

121 683 312 724 clamant
343 683 506 724 instare
536 680 747 735 Poenum,
783 681 1104 735 permixtosque
1143 683 1187 722 et
1223 681 1361 723 hostis
1394 683 1542 725 urbem
1573 684 1692 725 inva-

123 756 257 795 suros,
289 742 334 782 ni
366 755 545 795 propere
577 743 725 794 portas
753 740 968 781 claudant.
1021 740 1083 781 ita
1108 740 1303 782 exclusos
1323 740 1542 784 Romanos
1568 756 1691 797 prae-

119 801 250 842 buere
288 800 405 841 hosti
445 800 497 841 ad
535 799 724 846 caedem,
763 799 938 840 Atinius
976 802 1124 840 tamen
1161 814 1257 841 cum
1295 801 1444 854 paucis
1482 805 1690 856 receptus.

122 860 275 901 seditio
308 859 405 900 inde
442 858 662 913 paulisper
694 859 849 912 tenuit,
887 873 983 899 cum
1013 859 1060 899 in
1089 859 1173 911 fide
1205 859 1282 900 alii
1312 861 1581 915 manendum,
1615 860 1688 902 alii
1717 871 1759 902 16

122 918 356 960 cedendum
388 917 586 959 fortunae
628 921 670 958 et
701 917 955 958 tradendam
992 917 1144 959 urbem
1184 918 1420 960 victoribus
1453 923 1688 961 censerent.

121 980 323 1030 ceterum,
350 980 398 1018 ut
416 977 680 1031 plerumque,
705 976 880 1018 fortuna
900 979 943 1017 et
962 977 1143 1018 consilia
1163 977 1279 1018 mala
1298 978 1512 1021 vicerunt:
1537 978 1688 1021 Atinio
1718 991 1760 1022 17

121 1051 218 1079 cum
251 1037 338 1077 suis
372 1036 425 1077 ad
457 1050 575 1077 mare
615 1050 663 1077 ac
701 1050 833 1077 naves
866 1035 1066 1089 deducto,
1103 1037 1244 1091 magis
1278 1037 1379 1090 quia
1410 1038 1495 1092 ipsi
1527 1039 1581 1079 ob
1614 1039 1691 1079 im—

120 1096 287 1150 perium
318 1096 363 1135 in
397 1109 440 1136 se
479 1095 582 1136 mite
622 1109 671 1135 ac
708 1095 872 1136 iustum
913 1095 1157 1136 consultum
1197 1096 1420 1150 volebant,
1461 1112 1590 1152 quam
1627 1111 1689 1138 re-

122 1157 270 1209 spectu
301 1153 609 1208 Romanorum,
642 1152 1022 1209 Carthaginienses
1054 1155 1101 1195 in
1132 1155 1283 1195 urbem
1316 1156 1542 1210 accipiunt.

241 1211 447 1254 Consules
482 1228 506 1254 a
537 1212 784 1254 Benevento
817 1213 861 1253 in
894 1212 1163 1267 Campanum
1203 1227 1354 1268 agrum
1391 1215 1584 1270 legiones
1617 1215 1690 1257 du-

121 1275 224 1314 cunt
253 1287 341 1313 non
381 1272 433 1313 ad
471 1272 691 1313 frumenta
722 1272 868 1326 modo,
901 1286 1009 1327 quae
1047 1272 1135 1313 iam
1174 1273 1219 1313 in
1251 1273 1394 1315 herbis
1429 1277 1569 1329 erant,
1602 1289 1689 1316 cor-

119 1331 369 1386 rumpenda,
403 1331 475 1372 sed
509 1331 561 1372 ad
589 1329 780 1385 Capuam
814 1331 1162 1386 oppugnandam,
1194 1332 1385 1374 nobilem
1419 1348 1462 1374 se
1496 1334 1689 1376 consula-

120 1393 214 1432 tum
245 1394 335 1431 tam
369 1390 596 1445 opulentae
628 1390 746 1431 urbis
774 1390 937 1431 excidio
972 1390 1057 1431 rati
1082 1390 1274 1433 facturos
1309 1392 1435 1433 simul
1469 1396 1511 1434 et
1536 1393 1688 1448 ingens

119 1450 332 1504 flagitium
357 1450 535 1504 imperio
563 1449 823 1503 dempturos,
850 1449 962 1504 quod
991 1449 1086 1491 urbi
1112 1452 1202 1491 tam
1228 1451 1493 1505 propinquae
1513 1453 1689 1493 tertium

121 1523 282 1550 annum
314 1509 512 1562 inpunita
544 1508 726 1550 defectio
769 1511 893 1550 esset.

170 1652 224 1683 13.
261 1648 359 1682 uncle
386 1647 596 1692 pufflzabat]
628 1647 725 1682 uncle
757 1648 816 1692 (=
844 1659 867 1682 α

121 1707 210 1740 quo,·
229 1695 304 1739 vgl.
321 1698 376 1737 19,
397 1699 417 1728 5
439 1695 484 1729 ab
499 1694 692 1738 Romanis)
712 1694 763 1728 ist
783 1694 867 1728 dem

120 1742 323 1787 folgenden
349 1746 501 1776 stantem
526 1752 568 1774 zu
589 1741 701 1775 Liebe
722 1743 867 1786 gesagt,

121 1790 187 1823 das
213 1789 252 1823 L.
279 1788 348 1822 mit
374 1800 454 1823 cum
482 1790 554 1833 (16,
576 1793 613 1830 ὃς
641 1788 716 1833 vgl.
737 1793 794 1831 30,
818 1791 866 1833 3),

113 1848 186 1882 pro
217 1836 291 1869 und
323 1837 368 1870 ab
401 1836 523 1880 aliquo
556 1835 770 1877 Verbindet,
804 1847 866 1869 um

119 1882 410 1924 auszudrficken,
437 1882 503 1916 auf
524 1893 668 1916 wessen
689 1882 788 1917 Seite
812 1882 866 1926 je-

120 1931 232 1965 mand
269 1930 387 1971 steht3
425 1930 490 1964 ubi
514 1930 707 1975 pugnabat
740 1929 866 1964 wiirde

120 1979 229 2013 einen
255 1977 418 2011 anderen
445 1976 535 2010 Sinn
559 1976 693 2010 haben.

171 2041 223 2071 15.
246 2037 369 2071 urbem
383 2036 589 2080 invasuros]
606 2035 759 2070 wu'rden
775 2035 866 2070 ‘cin-

120 2084 293 2129 dringen’
317 2083 354 2117 in
376 2111 382 2117 .
405 2112 430 2127 .,
458 2083 526 2116 wie
556 2088 610 2127 16,
632 2087 676 2117 23
704 2083 779 2116 1111(1
805 2083 865 2126 24,

120 2136 182 2174 33,
211 2136 230 2166 9
263 2142 336 2166 non
364 2131 584 2174 diffidebant
613 2131 738 2165 ‹zo-bem
758 2135 867 2176 parte

120 2180 246 2224 aliqua
271 2189 306 2213 se
332 2179 532 2213 invasuros.

169 2243 222 2273 16.
267 2237 404 2283 tenuit]
444 2236 598 2270 intrans.
641 2236 758 2270 ‘hielt
805 2246 864 2278 an,

118 2285 307 2327 dauerte',
352 2285 422 2318 wie
476 2283 582 2317 nicht
636 2284 758 2318 selten
803 2283 864 2318 bei

114 2331 208 2374 Liv.,
235 2344 262 2366 z.
290 2331 330 2365 B.
359 2336 415 2373 27,
444 2336 474 2366 6.
502 2335 558 2373 39,
587 2335 640 2365 10.
667 2331 728 2374 23,
758 2335 815 2374 44,
844 2336 864 2365 6

115 2380 228 2414 imber
266 2379 455 2413 continens
480 2389 548 2422 per
582 2382 718 2412 noctem
754 2382 865 2413 totam

114 2427 243 2461 tenuit.

163 2484 346 2528 fortunae}
369 2483 454 2517 dem
476 2482 755 2527 ‘Ve1·h{ingnis’,
776 2484 862 2518 wel-

118 2532 204 2566 ches
219 2543 295 2565 nun
316 2530 453 2564 eimnal
473 2530 628 2575 gewollt
647 2530 755 2574 habe,
776 2530 862 2565 dass

115 2591 202 2613 man
228 2590 267 2613 so
295 2577 383 2612 weit
409 2577 632 2622 gekommen
660 2577 730 2620 sei,
763 2577 798 2611 d.
825 2578 860 2612 h.

120 2626 208 2660 ‘den
234 2625 493 2660 L'mstiinden’.

167 2688 220 2718 17.
258 2684 426 2729 fortuna]
458 2682 582 2717 him-zu
610 2683 660 2717 ist
686 2694 750 2717 aus
777 2683 861 2717 (lem

118 2730 334 2775 Folgenden
366 2732 464 2765 mala
503 2742 544 2764 zu
579 2730 743 2765 denken:
781 2730 861 2764 ‘das

116 2777 206 2812 bose
232 2777 496 2821 Verhi'mgnis’.

163 2836 262 2860 mare
287 2836 330 2860 ac
354 2826 478 2870 naves]
513 2824 562 2859 ist
589 2823 670 2858 eine
698 2824 861 2859 beliebte

118 2871 362 2916 Verbindung
387 2872 446 2906 bei
476 2871 564 2914 Liv.,
594 2883 622 2905 7..
650 2871 689 2907 B.
718 2872 777 2914 27,
805 2876 861 2913 28,

957 1511 1145 1550 ceterum
1184 1524 1237 1550 ne
1268 1509 1566 1552 Beneventum
1599 1511 1689 1552 sine

943 1651 984 1682 17
1011 1651 1052 1682 ut
1071 1649 1214 1692 passim
1240 1649 1289 1683 acl
1313 1660 1412 1684 mare
1437 1661 1481 1684 ac
1503 1661 1613 1685 naves
1631 1651 1689 1694 fu-

938 1699 1070 1740 flerent.

988 1743 1027 1776 in
1047 1742 1098 1787 se]
1128 1742 1310 1788 Stellung,
1337 1743 1408 1778 wie
1429 1748 1463 1787 4,
1485 1748 1523 1778 3:
1553 1745 1688 1789 ‘gegen

940 1788 993 1823 sie
1020 1790 1163 1834 gefibt'.

988 1836 1054 1879 15,
1090 1841 1250 1872 18-20,
1303 1837 1572 1872 Einmarsch
1612 1838 1690 1873 der

939 1883 1099 1917 Romer
1124 1884 1169 1917 in
1197 1884 1484 1930 Campanien.

990 1934 1050 2011 181
1067 1932 1108 1965 in
1121 1932 1240 1966 herbis
1253 1933 1372 1978 erant]
1391 1932 1473 1966 ‘auf
1484 1933 1569 1967 dem
1577 1933 1688 1967 Halm

940 1979 1038 2011 stant
1055 1978 1078 2013 ’.

990 2029 1043 2058 19.
1081 2027 1278 2072 flayitium]
1317 2026 1401 2061 hier
1434 2039 1503 2061 nur
1539 2038 1578 2062 so
1611 2027 1687 2062 viel

939 2071 995 2105 als
1021 2073 1241 2117 iqnome'nia,
1272 2074 1346 2119 vgl.
1375 2074 1440 2118 42,
1468 2079 1530 2117 60,
1557 2079 1578 2109 4
1605 2085 1687 2109 eon-

938 2120 995 2153 sul
1021 2122 1154 2155 inoveri
1178 2122 1319 2166 flagitio
1344 2122 1485 2157 timoris
1509 2123 1662 2165 fatendi.

986 2168 1131 2201 tertium
1163 2169 1316 2214 annum]
1354 2180 1549 2213 ungenaue
1577 2169 1686 2203 Zahl-

939 2214 1095 2257 angabe,
1117 2215 1215 2249 denn
1238 2215 1364 2260 Capua
1384 2227 1460 2250 war
1481 2217 1597 2250 sehon
1616 2221 1686 2251 216

939 2273 972 2295 v.
1008 2259 1090 2296 Chr.
1124 2262 1348 2307 abgefallen.
1406 2263 1463 2297 Da
1495 2264 1584 2297 aber
1621 2263 1688 2297 der

938 2307 1066 2342 Abfall
1093 2308 1131 2343 in
1158 2310 1224 2344 der
1243 2310 1400 2344 zweiten
1419 2310 1546 2344 Halfte
1568 2310 1632 2344 des
1651 2310 1683 2344 J.

938 2360 1006 2390 216
1029 2355 1224 2399 stattfand,
1245 2357 1320 2390 und
1342 2357 1410 2390 wir
1424 2357 1520 2401 jetzt
1539 2357 1590 2390 im
1609 2356 1684 2390 An-

938 2402 1028 2447 fang
1042 2403 1106 2437 des
1119 2403 1151 2437 J.
1164 2408 1232 2438 212
1249 2404 1391 2447 stehen,
1404 2415 1444 2438 so
1457 2403 1604 2438 scheint
1615 2414 1686 2438 nur

939 2450 999 2484 die
1021 2450 1287 2484 Zwischenzeit
1315 2451 1519 2495 gerechnet
1539 2462 1581 2484 zu
1606 2450 1685 2484 sein

937 2497 1012 2530 und
1044 2499 1190 2531 tertium
1228 2509 1367 2532 annum
1408 2498 1512 2542 τ(111111
1554 2497 1684 2542 sehon)

937 2543 1016 2577 ‹lrei
1043 2543 1167 2578 volle
1193 2543 1320 2578 Jahre'
1350 2556 1392 2578 zu
1418 2545 1617 2579 bedeuten.

984 2594 1039 2624 20.
1067 2592 1117 2625 ad
1142 2592 1264 2626 subita
1287 2592 1384 2637 belli]
1416 2591 1490 2625 ‘fiir
1509 2591 1598 2636 (bei)
1619 2602 1684 2625 un-

936 2637 1257 2681 vorhergeschene
1278 2638 1410 2673 Falle’.
1445 2638 1502 2672 Da
1521 2638 1572 2672 im
1586 2637 1683 2672 Neu-

935 2686 1034 2717 trum
1072 2684 1132 2718 ein
1172 2685 1506 2719 substantivischer
1543 2684 1688 2729 Begriff

935 2731 1042 2775 negt,
1070 2743 1110 2766 so
1137 2732 1236 2766 kann
1263 2744 1304 2765 zu
1332 2732 1409 2766 ihm
1435 2732 1493 2767 ein
1514 2732 1684 2766 Attribut

935 2777 1180 2820 hinzutreten,
1208 2778 1277 2813 wie
1305 2779 1365 2823 24,
1391 2785 1421 2820 1,
1443 2784 1462 2813 2
1491 2784 1605 2815 cetera
1623 2790 1683 2814 ne-

936 2827 1103 2859 cessaria.
1144 2826 1204 2869 27,
1226 2830 1270 2861 20
1304 2831 1324 2861 3
1345 2831 1461 2862 cetera
1482 2828 1579 2870 belli;
1606 2826 1682 2871 vgl.

936 2883 978 2906 zu
1007 2877 1060 2914 16,
1089 2877 1119 2907 2.

621 386 818 440 Romani,
850 401 1110 441 quamquam
1143 387 1456 429 circumventos
1489 388 1589 429 hinc
1621 402 1690 442 pe·
1719 398 1762 428 14

1719 515 1761 546 15

1719 1226 1760 1258 18

1717 1345 1758 1376 19

1715 1523 1760 1555 ‘20
