<?xml version="1.0" encoding="UTF-8"?>
<!DOCTYPE html PUBLIC "-//W3C//DTD XHTML 1.0 Transitional//EN"
    "http://www.w3.org/TR/xhtml1/DTD/xhtml1-transitional.dtd">
<html xmlns="http://www.w3.org/1999/xhtml" xml:lang="en" lang="en">
 <head>
  <title>
</title>
<meta http-equiv="Content-Type" content="text/html;charset=utf-8" />
  <meta name='ocr-system' content='tesseract 3.04.00' />
  <meta name='ocr-capabilities' content='ocr_page ocr_carea ocr_par ocr_line ocrx_word'/>
</head>
<body>
  <div class='ocr_page' id='page_1' title='image "./aburbeconditalib21livyuoft/aburbeconditalib21livyuoft_0463.png"; bbox 0 0 1882 3163; ppageno 0'>
   <div class='ocr_carea' id='block_1_1' title="bbox 112 127 366 154">
    <p class='ocr_par' dir='ltr' id='par_1_1' title="bbox 112 127 366 154">
     <span class='ocr_line' id='line_1_1' title="bbox 112 127 366 154; baseline -0.004 -1"><span class='ocrx_word' id='word_1_1' title='bbox 112 134 140 153; x_wconf 76' lang='lat' dir='ltr'>a.</span> <span class='ocrx_word' id='word_1_2' title='bbox 166 127 233 154; x_wconf 87' lang='lat' dir='ltr'>Chr.</span> <span class='ocrx_word' id='word_1_3' title='bbox 258 134 286 152; x_wconf 89' lang='lat' dir='ltr'>n.</span> <span class='ocrx_word' id='word_1_4' title='bbox 307 128 366 153; x_wconf 83' lang='lat'>213.</span> 
     </span>
    </p>
   </div>
   <div class='ocr_carea' id='block_1_2' title="bbox 629 116 1666 159">
    <p class='ocr_par' dir='ltr' id='par_1_2' title="bbox 629 116 1666 159">
     <span class='ocr_line' id='line_1_2' title="bbox 629 116 1666 159; baseline 0.005 -7"><span class='ocrx_word' id='word_1_5' title='bbox 629 117 772 152; x_wconf 83' lang='lat' dir='ltr'><strong>LIBER</strong></span> <span class='ocrx_word' id='word_1_6' title='bbox 796 117 946 152; x_wconf 77' lang='lat' dir='ltr'>XXIIII.</span> <span class='ocrx_word' id='word_1_7' title='bbox 974 116 1075 153; x_wconf 92' lang='lat' dir='ltr'>CAP.</span> <span class='ocrx_word' id='word_1_8' title='bbox 1103 121 1158 154; x_wconf 85' lang='lat'>48.</span> <span class='ocrx_word' id='word_1_9' title='bbox 1613 117 1666 159; x_wconf 82' lang='lat'>81</span> 
     </span>
    </p>
   </div>
   <div class='ocr_carea' id='block_1_3' title="bbox 110 226 1718 578">
    <p class='ocr_par' dir='ltr' id='par_1_3' title="bbox 110 226 1718 578">
     <span class='ocr_line' id='line_1_3' title="bbox 110 226 1718 281; baseline -0.001 -12"><span class='ocrx_word' id='word_1_10' title='bbox 110 226 418 281; x_wconf 74' lang='lat' dir='ltr'>conparatione</span> <span class='ocrx_word' id='word_1_11' title='bbox 449 229 540 268; x_wconf 87' lang='lat' dir='ltr'>tam</span> <span class='ocrx_word' id='word_1_12' title='bbox 572 226 792 267; x_wconf 70' lang='lat' dir='ltr'>ordinatae</span> <span class='ocrx_word' id='word_1_13' title='bbox 824 226 1076 281; x_wconf 87' lang='lat' dir='ltr'>disciplinae</span> <span class='ocrx_word' id='word_1_14' title='bbox 1110 226 1301 268; x_wconf 89' lang='lat' dir='ltr'>animum</span> <span class='ocrx_word' id='word_1_15' title='bbox 1327 226 1523 268; x_wconf 80' lang='lat' dir='ltr'>advertit.</span> <span class='ocrx_word' id='word_1_16' title='bbox 1575 229 1669 268; x_wconf 89' lang='lat' dir='ltr'>tum</span> <span class='ocrx_word' id='word_1_17' title='bbox 1697 236 1718 268; x_wconf 84' lang='lat'>5</span> 
     </span>
     <span class='ocr_line' id='line_1_4' title="bbox 111 284 1672 341; baseline 0 -14"><span class='ocrx_word' id='word_1_18' title='bbox 111 286 315 341; x_wconf 87' lang='lat' dir='ltr'>primum,</span> <span class='ocrx_word' id='word_1_19' title='bbox 361 288 408 327; x_wconf 92' lang='lat' dir='ltr'>ut</span> <span class='ocrx_word' id='word_1_20' title='bbox 445 301 522 340; x_wconf 89' lang='lat' dir='ltr'>pro</span> <span class='ocrx_word' id='word_1_21' title='bbox 561 285 684 327; x_wconf 84' lang='lat' dir='ltr'>bonis</span> <span class='ocrx_word' id='word_1_22' title='bbox 718 299 767 327; x_wconf 90' lang='lat' dir='ltr'>ac</span> <span class='ocrx_word' id='word_1_23' title='bbox 799 284 993 327; x_wconf 89' lang='lat' dir='ltr'>fidelibus</span> <span class='ocrx_word' id='word_1_24' title='bbox 1028 286 1153 328; x_wconf 88' lang='lat' dir='ltr'>sociis</span> <span class='ocrx_word' id='word_1_25' title='bbox 1184 285 1392 339; x_wconf 77' lang='lat' dir='ltr'>facerent,</span> <span class='ocrx_word' id='word_1_26' title='bbox 1429 286 1586 340; x_wconf 83' lang='lat' dir='ltr'>oravit,</span> <span class='ocrx_word' id='word_1_27' title='bbox 1624 289 1672 327; x_wconf 88' lang='lat' dir='ltr'>ut</span> 
     </span>
     <span class='ocr_line' id='line_1_5' title="bbox 111 344 1672 401; baseline 0 -15"><span class='ocrx_word' id='word_1_28' title='bbox 111 345 195 386; x_wconf 90' lang='lat' dir='ltr'>duo</span> <span class='ocrx_word' id='word_1_29' title='bbox 228 345 487 401; x_wconf 69' lang='lat' dir='ltr'>legationem</span> <span class='ocrx_word' id='word_1_30' title='bbox 518 344 726 386; x_wconf 74' lang='lat' dir='ltr'>referrent</span> <span class='ocrx_word' id='word_1_31' title='bbox 756 344 808 385; x_wconf 87' lang='lat' dir='ltr'>ad</span> <span class='ocrx_word' id='word_1_32' title='bbox 839 344 1120 398; x_wconf 87' lang='lat' dir='ltr'>imperatores</span> <span class='ocrx_word' id='word_1_33' title='bbox 1154 360 1271 399; x_wconf 89' lang='lat' dir='ltr'>suos,</span> <span class='ocrx_word' id='word_1_34' title='bbox 1303 359 1412 386; x_wconf 90' lang='lat' dir='ltr'>unus</span> <span class='ocrx_word' id='word_1_35' title='bbox 1440 345 1552 400; x_wconf 87' lang='lat' dir='ltr'>apud</span> <span class='ocrx_word' id='word_1_36' title='bbox 1579 359 1672 387; x_wconf 89' lang='lat' dir='ltr'>sese</span> 
     </span>
     <span class='ocr_line' id='line_1_6' title="bbox 112 403 1670 459; baseline 0.001 -14"><span class='ocrx_word' id='word_1_37' title='bbox 112 405 317 459; x_wconf 87' lang='lat' dir='ltr'>magister</span> <span class='ocrx_word' id='word_1_38' title='bbox 347 404 409 446; x_wconf 91' lang='lat' dir='ltr'>rei</span> <span class='ocrx_word' id='word_1_39' title='bbox 439 403 638 445; x_wconf 88' lang='lat' dir='ltr'>militaris</span> <span class='ocrx_word' id='word_1_40' title='bbox 670 403 900 445; x_wconf 87' lang='lat' dir='ltr'>resisteret.</span> <span class='ocrx_word' id='word_1_41' title='bbox 947 404 1096 445; x_wconf 88' lang='lat' dir='ltr'>rudem</span> <span class='ocrx_word' id='word_1_42' title='bbox 1129 405 1181 446; x_wconf 86' lang='lat' dir='ltr'>ad</span> <span class='ocrx_word' id='word_1_43' title='bbox 1212 404 1426 458; x_wconf 82' lang='lat' dir='ltr'>pedestria</span> <span class='ocrx_word' id='word_1_44' title='bbox 1450 405 1563 446; x_wconf 89' lang='lat' dir='ltr'>bella</span> <span class='ocrx_word' id='word_1_45' title='bbox 1581 404 1670 446; x_wconf 89' lang='lat' dir='ltr'>Nu·</span> 
     </span>
     <span class='ocr_line' id='line_1_7' title="bbox 112 462 1718 519; baseline 0.001 -15"><span class='ocrx_word' id='word_1_46' title='bbox 112 464 323 504; x_wconf 88' lang='lat' dir='ltr'>midarum</span> <span class='ocrx_word' id='word_1_47' title='bbox 355 466 528 519; x_wconf 83' lang='lat' dir='ltr'>gentem</span> <span class='ocrx_word' id='word_1_48' title='bbox 560 476 668 517; x_wconf 91' lang='lat' dir='ltr'>esse,</span> <span class='ocrx_word' id='word_1_49' title='bbox 701 462 818 517; x_wconf 87' lang='lat' dir='ltr'>equis</span> <span class='ocrx_word' id='word_1_50' title='bbox 850 465 1021 504; x_wconf 89' lang='lat' dir='ltr'>tantum</span> <span class='ocrx_word' id='word_1_51' title='bbox 1053 463 1259 505; x_wconf 88' lang='lat' dir='ltr'>habilem:</span> <span class='ocrx_word' id='word_1_52' title='bbox 1303 464 1365 505; x_wconf 87' lang='lat' dir='ltr'>ita</span> <span class='ocrx_word' id='word_1_53' title='bbox 1397 464 1482 505; x_wconf 86' lang='lat' dir='ltr'>iam</span> <span class='ocrx_word' id='word_1_54' title='bbox 1514 464 1613 506; x_wconf 90' lang='lat' dir='ltr'>inde</span> <span class='ocrx_word' id='word_1_55' title='bbox 1647 479 1671 505; x_wconf 87' lang='lat' dir='ltr'>a</span> <span class='ocrx_word' id='word_1_56' title='bbox 1698 476 1718 506; x_wconf 77' lang='lat'><strong>6</strong></span> 
     </span>
     <span class='ocr_line' id='line_1_8' title="bbox 111 521 1672 578; baseline 0.001 -15"><span class='ocrx_word' id='word_1_57' title='bbox 111 523 332 576; x_wconf 83' lang='lat' dir='ltr'>principiis</span> <span class='ocrx_word' id='word_1_58' title='bbox 370 522 510 578; x_wconf 86' lang='lat' dir='ltr'>gentis</span> <span class='ocrx_word' id='word_1_59' title='bbox 548 521 731 563; x_wconf 88' lang='lat' dir='ltr'>maiores</span> <span class='ocrx_word' id='word_1_60' title='bbox 770 536 869 563; x_wconf 89' lang='lat' dir='ltr'>suos</span> <span class='ocrx_word' id='word_1_61' title='bbox 907 522 1019 563; x_wconf 87' lang='lat' dir='ltr'>bella</span> <span class='ocrx_word' id='word_1_62' title='bbox 1058 523 1260 578; x_wconf 74' lang='lat' dir='ltr'>gessisse,</span> <span class='ocrx_word' id='word_1_63' title='bbox 1304 523 1364 563; x_wconf 89' lang='lat' dir='ltr'>ita</span> <span class='ocrx_word' id='word_1_64' title='bbox 1398 538 1441 564; x_wconf 84' lang='lat' dir='ltr'>se</span> <span class='ocrx_word' id='word_1_65' title='bbox 1474 538 1498 564; x_wconf 87' lang='lat' dir='ltr'>a</span> <span class='ocrx_word' id='word_1_66' title='bbox 1529 523 1672 578; x_wconf 89' lang='lat' dir='ltr'>pueris</span> 
     </span>
    </p>
   </div>
   <div class='ocr_carea' id='block_1_4' title="bbox 115 583 320 623">
    <p class='ocr_par' dir='ltr' id='par_1_4' title="bbox 115 583 320 623">
     <span class='ocr_line' id='line_1_9' title="bbox 115 583 320 623; baseline 0.005 -1"><span class='ocrx_word' id='word_1_67' title='bbox 115 583 320 623; x_wconf 78' lang='lat' dir='ltr'>insuetos,</span> 
     </span>
    </p>
   </div>
   <div class='ocr_carea' id='block_1_5' title="bbox 383 581 1673 635">
    <p class='ocr_par' dir='ltr' id='par_1_5' title="bbox 383 581 1673 635">
     <span class='ocr_line' id='line_1_10' title="bbox 383 581 1673 635; baseline 0.002 -13"><span class='ocrx_word' id='word_1_68' title='bbox 383 581 456 623; x_wconf 90' lang='lat' dir='ltr'>sed</span> <span class='ocrx_word' id='word_1_69' title='bbox 493 581 650 623; x_wconf 89' lang='lat' dir='ltr'>habere</span> <span class='ocrx_word' id='word_1_70' title='bbox 680 581 852 623; x_wconf 88' lang='lat' dir='ltr'>hostem</span> <span class='ocrx_word' id='word_1_71' title='bbox 882 581 1070 635; x_wconf 85' lang='lat' dir='ltr'>pedestri</span> <span class='ocrx_word' id='word_1_72' title='bbox 1101 582 1305 624; x_wconf 82' lang='lat' dir='ltr'>fidentem</span> <span class='ocrx_word' id='word_1_73' title='bbox 1336 581 1490 635; x_wconf 84' lang='lat' dir='ltr'>Marte,</span> <span class='ocrx_word' id='word_1_74' title='bbox 1536 583 1603 624; x_wconf 90' lang='lat' dir='ltr'>cui</span> <span class='ocrx_word' id='word_1_75' title='bbox 1637 584 1673 624; x_wconf 90' lang='lat' dir='ltr'>si</span> 
     </span>
    </p>
   </div>
   <div class='ocr_carea' id='block_1_6' title="bbox 111 640 1718 755">
    <p class='ocr_par' dir='ltr' id='par_1_6' title="bbox 111 640 1718 755">
     <span class='ocr_line' id='line_1_11' title="bbox 111 640 1672 696; baseline 0.001 -14"><span class='ocrx_word' id='word_1_76' title='bbox 111 641 285 695; x_wconf 86' lang='lat' dir='ltr'>aequari</span> <span class='ocrx_word' id='word_1_77' title='bbox 323 641 476 683; x_wconf 89' lang='lat' dir='ltr'>robore</span> <span class='ocrx_word' id='word_1_78' title='bbox 507 641 661 681; x_wconf 84' lang='lat' dir='ltr'>virium</span> <span class='ocrx_word' id='word_1_79' title='bbox 692 641 808 696; x_wconf 87' lang='lat' dir='ltr'>velit,</span> <span class='ocrx_word' id='word_1_80' title='bbox 839 643 881 682; x_wconf 88' lang='lat' dir='ltr'>et</span> <span class='ocrx_word' id='word_1_81' title='bbox 913 641 994 683; x_wconf 85' lang='lat' dir='ltr'>sibi</span> <span class='ocrx_word' id='word_1_82' title='bbox 1025 640 1190 695; x_wconf 88' lang='lat' dir='ltr'>pedites</span> <span class='ocrx_word' id='word_1_83' title='bbox 1224 642 1536 696; x_wconf 88' lang='lat' dir='ltr'>comparandos</span> <span class='ocrx_word' id='word_1_84' title='bbox 1569 656 1672 684; x_wconf 86' lang='lat' dir='ltr'>esse.</span> 
     </span>
     <span class='ocr_line' id='line_1_12' title="bbox 112 699 1718 755; baseline 0.001 -14"><span class='ocrx_word' id='word_1_85' title='bbox 112 702 156 741; x_wconf 92' lang='lat' dir='ltr'>et</span> <span class='ocrx_word' id='word_1_86' title='bbox 188 700 241 741; x_wconf 88' lang='lat' dir='ltr'>ad</span> <span class='ocrx_word' id='word_1_87' title='bbox 273 699 316 741; x_wconf 83' lang='lat' dir='ltr'>id</span> <span class='ocrx_word' id='word_1_88' title='bbox 348 699 619 741; x_wconf 84' lang='lat' dir='ltr'>multitudine</span> <span class='ocrx_word' id='word_1_89' title='bbox 650 699 875 741; x_wconf 86' lang='lat' dir='ltr'>hominum</span> <span class='ocrx_word' id='word_1_90' title='bbox 906 714 1086 755; x_wconf 88' lang='lat' dir='ltr'>regnum</span> <span class='ocrx_word' id='word_1_91' title='bbox 1119 700 1348 754; x_wconf 89' lang='lat' dir='ltr'>abundare,</span> <span class='ocrx_word' id='word_1_92' title='bbox 1382 701 1453 742; x_wconf 87' lang='lat' dir='ltr'>sed</span> <span class='ocrx_word' id='word_1_93' title='bbox 1480 701 1673 743; x_wconf 86' lang='lat' dir='ltr'>armandi</span> <span class='ocrx_word' id='word_1_94' title='bbox 1699 712 1718 743; x_wconf 81' lang='lat'>7</span> 
     </span>
    </p>
   </div>
   <div class='ocr_carea' id='block_1_7' title="bbox 111 758 1288 873">
    <p class='ocr_par' dir='ltr' id='par_1_7' title="bbox 111 758 1288 873">
     <span class='ocr_line' id='line_1_13' title="bbox 111 758 1288 816; baseline 0.002 -16"><span class='ocrx_word' id='word_1_95' title='bbox 111 759 375 813; x_wconf 88' lang='lat' dir='ltr'>ornandique</span> <span class='ocrx_word' id='word_1_96' title='bbox 419 761 461 800; x_wconf 92' lang='lat' dir='ltr'>et</span> <span class='ocrx_word' id='word_1_97' title='bbox 503 758 743 801; x_wconf 89' lang='lat' dir='ltr'>instruendi</span> <span class='ocrx_word' id='word_1_98' title='bbox 787 774 859 802; x_wconf 91' lang='lat' dir='ltr'>eos</span> <span class='ocrx_word' id='word_1_99' title='bbox 904 763 1039 801; x_wconf 85' lang='lat' dir='ltr'>artem</span> <span class='ocrx_word' id='word_1_100' title='bbox 1077 760 1288 816; x_wconf 89' lang='lat' dir='ltr'>ignorare.</span> 
     </span>
     <span class='ocr_line' id='line_1_14' title="bbox 111 819 1232 873; baseline 0.002 -14"><span class='ocrx_word' id='word_1_101' title='bbox 111 819 223 860; x_wconf 85' lang='lat' dir='ltr'>forte</span> <span class='ocrx_word' id='word_1_102' title='bbox 267 821 546 873; x_wconf 84' lang='lat' dir='ltr'>congregata,</span> <span class='ocrx_word' id='word_1_103' title='bbox 598 820 722 860; x_wconf 87' lang='lat' dir='ltr'>vasta</span> <span class='ocrx_word' id='word_1_104' title='bbox 766 833 814 861; x_wconf 87' lang='lat' dir='ltr'>ac</span> <span class='ocrx_word' id='word_1_105' title='bbox 858 820 1084 861; x_wconf 87' lang='lat' dir='ltr'>temeraria</span> <span class='ocrx_word' id='word_1_106' title='bbox 1129 835 1232 861; x_wconf 88' lang='lat' dir='ltr'>esse.</span> 
     </span>
    </p>
   </div>
   <div class='ocr_carea' id='block_1_8' title="bbox 1304 760 1720 861">
    <p class='ocr_par' dir='ltr' id='par_1_8' title="bbox 1304 760 1720 861">
     <span class='ocr_line' id='line_1_15' title="bbox 1350 760 1674 814; baseline 0.003 -13"><span class='ocrx_word' id='word_1_107' title='bbox 1350 760 1513 814; x_wconf 90' lang='lat' dir='ltr'>omnia,</span> <span class='ocrx_word' id='word_1_108' title='bbox 1557 760 1674 802; x_wconf 74' lang='lat' dir='ltr'>velut</span> 
     </span>
     <span class='ocr_line' id='line_1_16' title="bbox 1304 819 1720 861; baseline 0.002 -1"><span class='ocrx_word' id='word_1_109' title='bbox 1304 819 1495 861; x_wconf 81' lang='lat' dir='ltr'>facturos</span> <span class='ocrx_word' id='word_1_110' title='bbox 1541 834 1584 861; x_wconf 90' lang='lat' dir='ltr'>se</span> <span class='ocrx_word' id='word_1_111' title='bbox 1629 820 1675 861; x_wconf 92' lang='lat' dir='ltr'>in</span> <span class='ocrx_word' id='word_1_112' title='bbox 1700 831 1720 861; x_wconf 83' lang='lat'>8</span> 
     </span>
    </p>
   </div>
   <div class='ocr_carea' id='block_1_9' title="bbox 111 877 1720 1112">
    <p class='ocr_par' dir='ltr' id='par_1_9' title="bbox 111 877 1720 1112">
     <span class='ocr_line' id='line_1_17' title="bbox 111 877 1674 933; baseline 0.001 -15"><span class='ocrx_word' id='word_1_113' title='bbox 111 877 357 931; x_wconf 87' lang='lat' dir='ltr'>praesentia</span> <span class='ocrx_word' id='word_1_114' title='bbox 388 877 501 932; x_wconf 89' lang='lat' dir='ltr'>quod</span> <span class='ocrx_word' id='word_1_115' title='bbox 532 878 662 919; x_wconf 78' lang='lat' dir='ltr'>vellet</span> <span class='ocrx_word' id='word_1_116' title='bbox 693 878 828 933; x_wconf 81' lang='lat' dir='ltr'>legati</span> <span class='ocrx_word' id='word_1_117' title='bbox 858 879 1121 933; x_wconf 88' lang='lat' dir='ltr'>respondent</span> <span class='ocrx_word' id='word_1_118' title='bbox 1145 879 1226 921; x_wconf 87' lang='lat' dir='ltr'>fide</span> <span class='ocrx_word' id='word_1_119' title='bbox 1246 882 1432 933; x_wconf 85' lang='lat' dir='ltr'>accepta,</span> <span class='ocrx_word' id='word_1_120' title='bbox 1464 881 1511 920; x_wconf 91' lang='lat' dir='ltr'>ut</span> <span class='ocrx_word' id='word_1_121' title='bbox 1529 879 1674 920; x_wconf 83' lang='lat' dir='ltr'>remit-</span> 
     </span>
     <span class='ocr_line' id='line_1_18' title="bbox 111 937 1674 993; baseline 0.002 -16"><span class='ocrx_word' id='word_1_122' title='bbox 111 939 223 977; x_wconf 85' lang='lat' dir='ltr'>teret</span> <span class='ocrx_word' id='word_1_123' title='bbox 267 937 481 991; x_wconf 79' lang='lat' dir='ltr'>extemplo</span> <span class='ocrx_word' id='word_1_124' title='bbox 527 951 640 990; x_wconf 89' lang='lat' dir='ltr'>eum,</span> <span class='ocrx_word' id='word_1_125' title='bbox 685 938 722 979; x_wconf 93' lang='lat' dir='ltr'>si</span> <span class='ocrx_word' id='word_1_126' title='bbox 765 938 1043 992; x_wconf 85' lang='lat' dir='ltr'>imperatores</span> <span class='ocrx_word' id='word_1_127' title='bbox 1090 940 1154 980; x_wconf 89' lang='lat' dir='ltr'>sui</span> <span class='ocrx_word' id='word_1_128' title='bbox 1191 953 1280 980; x_wconf 87' lang='lat' dir='ltr'>non</span> <span class='ocrx_word' id='word_1_129' title='bbox 1318 938 1674 993; x_wconf 81' lang='lat' dir='ltr'>comprobassent</span> 
     </span>
     <span class='ocr_line' id='line_1_19' title="bbox 111 994 1720 1054; baseline 0.002 -18"><span class='ocrx_word' id='word_1_130' title='bbox 111 995 284 1037; x_wconf 87' lang='lat' dir='ltr'>factum.</span> <span class='ocrx_word' id='word_1_131' title='bbox 349 996 397 1045; x_wconf 85' lang='lat' dir='ltr'>Q.</span> <span class='ocrx_word' id='word_1_132' title='bbox 417 994 606 1038; x_wconf 79' lang='lat' dir='ltr'>Statorio</span> <span class='ocrx_word' id='word_1_133' title='bbox 638 1011 795 1038; x_wconf 88' lang='lat' dir='ltr'>nomen</span> <span class='ocrx_word' id='word_1_134' title='bbox 826 997 926 1050; x_wconf 86' lang='lat' dir='ltr'>fuit,</span> <span class='ocrx_word' id='word_1_135' title='bbox 959 999 1031 1052; x_wconf 90' lang='lat' dir='ltr'>qui</span> <span class='ocrx_word' id='word_1_136' title='bbox 1064 999 1116 1040; x_wconf 88' lang='lat' dir='ltr'>ad</span> <span class='ocrx_word' id='word_1_137' title='bbox 1147 1012 1294 1054; x_wconf 87' lang='lat' dir='ltr'>regem</span> <span class='ocrx_word' id='word_1_138' title='bbox 1326 998 1544 1039; x_wconf 81' lang='lat' dir='ltr'>remansit.</span> <span class='ocrx_word' id='word_1_139' title='bbox 1577 1012 1674 1039; x_wconf 89' lang='lat' dir='ltr'>cum</span> <span class='ocrx_word' id='word_1_140' title='bbox 1700 1010 1720 1039; x_wconf 87' lang='lat'>9</span> 
     </span>
     <span class='ocr_line' id='line_1_20' title="bbox 111 1053 1676 1112; baseline 0.002 -17"><span class='ocrx_word' id='word_1_141' title='bbox 111 1054 276 1096; x_wconf 86' lang='lat' dir='ltr'>duobus</span> <span class='ocrx_word' id='word_1_142' title='bbox 308 1053 513 1096; x_wconf 86' lang='lat' dir='ltr'>Romanis</span> <span class='ocrx_word' id='word_1_143' title='bbox 551 1070 624 1096; x_wconf 81' lang='lat' dir='ltr'>rex</span> <span class='ocrx_word' id='word_1_144' title='bbox 656 1055 865 1098; x_wconf 85' lang='lat' dir='ltr'>Numidas</span> <span class='ocrx_word' id='word_1_145' title='bbox 903 1057 1069 1112; x_wconf 87' lang='lat' dir='ltr'>legatos</span> <span class='ocrx_word' id='word_1_146' title='bbox 1108 1058 1153 1099; x_wconf 89' lang='lat' dir='ltr'>in</span> <span class='ocrx_word' id='word_1_147' title='bbox 1184 1058 1440 1112; x_wconf 84' lang='lat' dir='ltr'>Hispaniam</span> <span class='ocrx_word' id='word_1_148' title='bbox 1472 1057 1591 1098; x_wconf 87' lang='lat' dir='ltr'>misit</span> <span class='ocrx_word' id='word_1_149' title='bbox 1621 1057 1676 1098; x_wconf 86' lang='lat' dir='ltr'>ad</span> 
     </span>
    </p>
   </div>
   <div class='ocr_carea' id='block_1_10' title="bbox 111 1114 1746 1170">
    <p class='ocr_par' dir='ltr' id='par_1_10' title="bbox 111 1114 1746 1170">
     <span class='ocr_line' id='line_1_21' title="bbox 111 1114 1746 1170; baseline 0.002 -16"><span class='ocrx_word' id='word_1_150' title='bbox 111 1114 406 1168; x_wconf 85' lang='lat' dir='ltr'>accipiendam</span> <span class='ocrx_word' id='word_1_151' title='bbox 438 1114 564 1155; x_wconf 87' lang='lat' dir='ltr'>fidem</span> <span class='ocrx_word' id='word_1_152' title='bbox 598 1115 650 1155; x_wconf 89' lang='lat' dir='ltr'>ab</span> <span class='ocrx_word' id='word_1_153' title='bbox 682 1116 1015 1170; x_wconf 84' lang='lat' dir='ltr'>imperatoribus</span> <span class='ocrx_word' id='word_1_154' title='bbox 1047 1117 1266 1158; x_wconf 86' lang='lat' dir='ltr'>Romanis.</span> <span class='ocrx_word' id='word_1_155' title='bbox 1315 1117 1467 1158; x_wconf 90' lang='lat' dir='ltr'>iisdem</span> <span class='ocrx_word' id='word_1_156' title='bbox 1500 1116 1676 1158; x_wconf 86' lang='lat' dir='ltr'>manda-</span> <span class='ocrx_word' id='word_1_157' title='bbox 1704 1127 1746 1158; x_wconf 89' lang='lat'>10</span> 
     </span>
    </p>
   </div>
   <div class='ocr_carea' id='block_1_11' title="bbox 112 1172 1676 1231">
    <p class='ocr_par' dir='ltr' id='par_1_11' title="bbox 112 1172 1676 1231">
     <span class='ocr_line' id='line_1_22' title="bbox 112 1172 1676 1231; baseline 0.003 -18"><span class='ocrx_word' id='word_1_158' title='bbox 112 1173 194 1227; x_wconf 78' lang='lat' dir='ltr'>vit,</span> <span class='ocrx_word' id='word_1_159' title='bbox 227 1172 285 1214; x_wconf 88' lang='lat' dir='ltr'>ut</span> <span class='ocrx_word' id='word_1_160' title='bbox 307 1174 502 1227; x_wconf 88' lang='lat' dir='ltr'>protinus</span> <span class='ocrx_word' id='word_1_161' title='bbox 521 1172 749 1229; x_wconf 79' lang='lat' dir='ltr'>Numidas,</span> <span class='ocrx_word' id='word_1_162' title='bbox 781 1176 853 1229; x_wconf 89' lang='lat' dir='ltr'>qui</span> <span class='ocrx_word' id='word_1_163' title='bbox 878 1176 992 1217; x_wconf 86' lang='lat' dir='ltr'>intra</span> <span class='ocrx_word' id='word_1_164' title='bbox 1017 1176 1231 1230; x_wconf 86' lang='lat' dir='ltr'>praesidia</span> <span class='ocrx_word' id='word_1_165' title='bbox 1253 1175 1676 1231; x_wconf 87' lang='lat' dir='ltr'>Carthaginiensium</span> 
     </span>
    </p>
   </div>
   <div class='ocr_carea' id='block_1_12' title="bbox 112 1232 1244 1290">
    <p class='ocr_par' dir='ltr' id='par_1_12' title="bbox 112 1232 1244 1290">
     <span class='ocr_line' id='line_1_23' title="bbox 112 1232 1244 1290; baseline 0.004 -18"><span class='ocrx_word' id='word_1_166' title='bbox 112 1232 338 1274; x_wconf 81' lang='lat' dir='ltr'>auxiliares</span> <span class='ocrx_word' id='word_1_167' title='bbox 376 1236 519 1287; x_wconf 79' lang='lat' dir='ltr'>essent,</span> <span class='ocrx_word' id='word_1_168' title='bbox 562 1232 612 1274; x_wconf 86' lang='lat' dir='ltr'>ad</span> <span class='ocrx_word' id='word_1_169' title='bbox 644 1235 956 1276; x_wconf 83' lang='lat' dir='ltr'>transitionem</span> <span class='ocrx_word' id='word_1_170' title='bbox 979 1236 1244 1290; x_wconf 82' lang='lat' dir='ltr'>perlicerent.</span> 
     </span>
    </p>
   </div>
   <div class='ocr_carea' id='block_1_13' title="bbox 111 1292 1676 1409">
    <p class='ocr_par' dir='ltr' id='par_1_13' title="bbox 111 1292 1676 1409">
     <span class='ocr_line' id='line_1_24' title="bbox 111 1292 1676 1350; baseline 0.003 -18"><span class='ocrx_word' id='word_1_171' title='bbox 111 1292 247 1332; x_wconf 86' lang='lat' dir='ltr'>multa</span> <span class='ocrx_word' id='word_1_172' title='bbox 283 1292 503 1333; x_wconf 84' lang='lat' dir='ltr'>iuventute</span> <span class='ocrx_word' id='word_1_173' title='bbox 541 1293 632 1347; x_wconf 90' lang='lat' dir='ltr'>regi</span> <span class='ocrx_word' id='word_1_174' title='bbox 670 1293 833 1347; x_wconf 85' lang='lat' dir='ltr'>pedites</span> <span class='ocrx_word' id='word_1_175' title='bbox 866 1295 1119 1349; x_wconf 86' lang='lat' dir='ltr'>conscripsit</span> <span class='ocrx_word' id='word_1_176' title='bbox 1152 1295 1452 1350; x_wconf 82' lang='lat' dir='ltr'>ordinatosque</span> <span class='ocrx_word' id='word_1_177' title='bbox 1483 1295 1676 1349; x_wconf 75' lang='lat' dir='ltr'>proxime</span> 
     </span>
     <span class='ocr_line' id='line_1_25' title="bbox 113 1350 1675 1409; baseline 0.003 -18"><span class='ocrx_word' id='word_1_178' title='bbox 113 1364 278 1392; x_wconf 87' lang='lat' dir='ltr'>morem</span> <span class='ocrx_word' id='word_1_179' title='bbox 296 1350 541 1392; x_wconf 85' lang='lat' dir='ltr'>Romanum</span> <span class='ocrx_word' id='word_1_180' title='bbox 572 1352 820 1394; x_wconf 87' lang='lat' dir='ltr'>instruendo</span> <span class='ocrx_word' id='word_1_181' title='bbox 854 1357 895 1394; x_wconf 82' lang='lat' dir='ltr'>et</span> <span class='ocrx_word' id='word_1_182' title='bbox 927 1354 1185 1396; x_wconf 85' lang='lat' dir='ltr'>decurrendo</span> <span class='ocrx_word' id='word_1_183' title='bbox 1220 1355 1342 1409; x_wconf 86' lang='lat' dir='ltr'>signa</span> <span class='ocrx_word' id='word_1_184' title='bbox 1376 1355 1496 1409; x_wconf 87' lang='lat' dir='ltr'>sequi</span> <span class='ocrx_word' id='word_1_185' title='bbox 1523 1358 1565 1395; x_wconf 88' lang='lat' dir='ltr'>et</span> <span class='ocrx_word' id='word_1_186' title='bbox 1592 1369 1675 1396; x_wconf 89' lang='lat' dir='ltr'>ser-</span> 
     </span>
    </p>
   </div>
   <div class='ocr_carea' id='block_1_14' title="bbox 106 1478 861 2989">
    <p class='ocr_par' dir='ltr' id='par_1_14' title="bbox 110 1478 857 1570">
     <span class='ocr_line' id='line_1_26' title="bbox 113 1478 857 1525; baseline 0.007 -13"><span class='ocrx_word' id='word_1_187' title='bbox 113 1478 235 1523; x_wconf 85' lang='lat' dir='ltr'>gleich</span> <span class='ocrx_word' id='word_1_188' title='bbox 263 1479 340 1523; x_wconf 80' lang='lat' dir='ltr'>zu’3</span> <span class='ocrx_word' id='word_1_189' title='bbox 368 1479 501 1514; x_wconf 84' lang='lat' dir='ltr'>ebenso</span> <span class='ocrx_word' id='word_1_190' title='bbox 522 1479 581 1523; x_wconf 74' lang='lat'>22,</span> <span class='ocrx_word' id='word_1_191' title='bbox 609 1484 642 1525; x_wconf 86' lang='lat'>8,</span> <span class='ocrx_word' id='word_1_192' title='bbox 669 1486 688 1515; x_wconf 74' lang='lat'><strong>2</strong></span> <span class='ocrx_word' id='word_1_193' title='bbox 710 1481 795 1516; x_wconf 72' lang='lat' dir='ltr'>Ievis</span> <span class='ocrx_word' id='word_1_194' title='bbox 815 1492 857 1516; x_wconf 67' lang='lat' dir='ltr'>eae</span> 
     </span>
     <span class='ocr_line' id='line_1_27' title="bbox 110 1528 740 1570; baseline 0.005 -10"><span class='ocrx_word' id='word_1_195' title='bbox 110 1528 371 1570; x_wconf 68' lang='lat' dir='ltr'>conparatione</span> <span class='ocrx_word' id='word_1_196' title='bbox 392 1528 560 1570; x_wconf 71' lang='lat' dir='ltr'>priorum</span> <span class='ocrx_word' id='word_1_197' title='bbox 584 1528 740 1564; x_wconf 67' lang='lat' dir='ltr'>iactura.</span> 
     </span>
    </p>

    <p class='ocr_par' dir='ltr' id='par_1_15' title="bbox 159 1574 784 1620">
     <span class='ocr_line' id='line_1_28' title="bbox 159 1574 784 1620; baseline 0.006 -13"><span class='ocrx_word' id='word_1_198' title='bbox 159 1574 319 1608; x_wconf 73' lang='lat' dir='ltr'>animum</span> <span class='ocrx_word' id='word_1_199' title='bbox 348 1574 518 1620; x_wconf 75' lang='lat' dir='ltr'>advertit]</span> <span class='ocrx_word' id='word_1_200' title='bbox 546 1587 572 1609; x_wconf 88' lang='lat' dir='ltr'>s.</span> <span class='ocrx_word' id='word_1_201' title='bbox 600 1588 644 1609; x_wconf 90' lang='lat' dir='ltr'>zu</span> <span class='ocrx_word' id='word_1_202' title='bbox 672 1580 726 1620; x_wconf 82' lang='lat'>18,</span> <span class='ocrx_word' id='word_1_203' title='bbox 754 1581 784 1610; x_wconf 76' lang='lat'>2.</span> 
     </span>
    </p>

    <p class='ocr_par' dir='ltr' id='par_1_16' title="bbox 106 1621 858 1852">
     <span class='ocr_line' id='line_1_29' title="bbox 160 1621 858 1667; baseline 0.004 -13"><span class='ocrx_word' id='word_1_204' title='bbox 160 1625 191 1655; x_wconf 86' lang='lat'>5.</span> <span class='ocrx_word' id='word_1_205' title='bbox 217 1624 258 1654; x_wconf 75' lang='lat' dir='ltr'>ut</span> <span class='ocrx_word' id='word_1_206' title='bbox 273 1622 363 1667; x_wconf 78' lang='lat' dir='ltr'>duo]</span> <span class='ocrx_word' id='word_1_207' title='bbox 384 1621 627 1666; x_wconf 86' lang='lat' dir='ltr'>specialisiert</span> <span class='ocrx_word' id='word_1_208' title='bbox 640 1623 698 1658; x_wconf 88' lang='lat' dir='ltr'>die</span> <span class='ocrx_word' id='word_1_209' title='bbox 712 1623 858 1659; x_wconf 80' lang='lat' dir='ltr'>vorauf-</span> 
     </span>
     <span class='ocr_line' id='line_1_30' title="bbox 111 1668 858 1715; baseline 0.004 -12"><span class='ocrx_word' id='word_1_210' title='bbox 111 1668 279 1713; x_wconf 87' lang='lat' dir='ltr'>gehende</span> <span class='ocrx_word' id='word_1_211' title='bbox 302 1668 450 1713; x_wconf 87' lang='lat' dir='ltr'>allgem.</span> <span class='ocrx_word' id='word_1_212' title='bbox 471 1669 570 1704; x_wconf 88' lang='lat' dir='ltr'>Bitte</span> <span class='ocrx_word' id='word_1_213' title='bbox 596 1674 637 1705; x_wconf 76' lang='lat' dir='ltr'>ut</span> <span class='ocrx_word' id='word_1_214' title='bbox 659 1682 727 1715; x_wconf 79' lang='lat' dir='ltr'>pro</span> <span class='ocrx_word' id='word_1_215' title='bbox 753 1672 858 1706; x_wconf 72' lang='lat' dir='ltr'>sociis</span> 
     </span>
     <span class='ocr_line' id='line_1_31' title="bbox 110 1716 858 1763; baseline 0.005 -14"><span class='ocrx_word' id='word_1_216' title='bbox 110 1716 269 1758; x_wconf 75' lang='lat' dir='ltr'>facerent</span> <span class='ocrx_word' id='word_1_217' title='bbox 288 1717 335 1760; x_wconf 78' lang='lat'>(2,</span> <span class='ocrx_word' id='word_1_218' title='bbox 356 1720 378 1750; x_wconf 99' lang='lat'>4</span> <span class='ocrx_word' id='word_1_219' title='bbox 391 1727 463 1761; x_wconf 75' lang='lat' dir='ltr'>pro</span> <span class='ocrx_word' id='word_1_220' title='bbox 482 1718 588 1752; x_wconf 71' lang='lat' dir='ltr'>sociis</span> <span class='ocrx_word' id='word_1_221' title='bbox 606 1719 746 1763; x_wconf 63' lang='lat' dir='ltr'>egisse),</span> <span class='ocrx_word' id='word_1_222' title='bbox 773 1719 858 1753; x_wconf 83' lang='lat' dir='ltr'>dem</span> 
     </span>
     <span class='ocr_line' id='line_1_32' title="bbox 106 1763 856 1811; baseline 0.008 -16"><span class='ocrx_word' id='word_1_223' title='bbox 106 1763 269 1806; x_wconf 76' lang='lat' dir='ltr'>primum</span> <span class='ocrx_word' id='word_1_224' title='bbox 289 1763 493 1808; x_wconf 83' lang='lat' dir='ltr'>entspricht</span> <span class='ocrx_word' id='word_1_225' title='bbox 513 1764 598 1799; x_wconf 86' lang='lat' dir='ltr'>kein</span> <span class='ocrx_word' id='word_1_226' title='bbox 618 1766 756 1809; x_wconf 73' lang='lat' dir='ltr'>deinde,</span> <span class='ocrx_word' id='word_1_227' title='bbox 784 1766 856 1811; x_wconf 83' lang='lat' dir='ltr'>vgl.</span> 
     </span>
     <span class='ocr_line' id='line_1_33' title="bbox 112 1814 299 1852; baseline 0.005 -9"><span class='ocrx_word' id='word_1_228' title='bbox 112 1822 158 1844; x_wconf 90' lang='lat' dir='ltr'>zu</span> <span class='ocrx_word' id='word_1_229' title='bbox 183 1814 239 1852; x_wconf 75' lang='lat'>47,</span> <span class='ocrx_word' id='word_1_230' title='bbox 267 1814 299 1844; x_wconf 84' lang='lat'>3.</span> 
     </span>
    </p>

    <p class='ocr_par' dir='ltr' id='par_1_17' title="bbox 111 1858 858 2080">
     <span class='ocr_line' id='line_1_34' title="bbox 153 1858 858 1906; baseline 0.006 -15"><span class='ocrx_word' id='word_1_231' title='bbox 153 1858 364 1901; x_wconf 71' lang='lat' dir='ltr'>leyationem</span> <span class='ocrx_word' id='word_1_232' title='bbox 374 1859 562 1903; x_wconf 67' lang='lat' dir='ltr'>referrent]</span> <span class='ocrx_word' id='word_1_233' title='bbox 572 1859 630 1894; x_wconf 88' lang='lat' dir='ltr'>die</span> <span class='ocrx_word' id='word_1_234' title='bbox 639 1860 858 1906; x_wconf 82' lang='lat' dir='ltr'>Bedeutung</span> 
     </span>
     <span class='ocr_line' id='line_1_35' title="bbox 111 1903 857 1951; baseline 0.007 -13"><span class='ocrx_word' id='word_1_235' title='bbox 111 1903 177 1939; x_wconf 89' lang='lat' dir='ltr'>der</span> <span class='ocrx_word' id='word_1_236' title='bbox 203 1905 333 1949; x_wconf 62' lang='lat' dir='ltr'>legatio</span> <span class='ocrx_word' id='word_1_237' title='bbox 349 1908 387 1948; x_wconf 86' lang='lat' dir='ltr'>(s.</span> <span class='ocrx_word' id='word_1_238' title='bbox 403 1918 446 1940; x_wconf 90' lang='lat' dir='ltr'>zu</span> <span class='ocrx_word' id='word_1_239' title='bbox 462 1909 480 1947; x_wconf 66' lang='grc' dir='ltr'>ξ</span> <span class='ocrx_word' id='word_1_240' title='bbox 495 1908 530 1950; x_wconf 78' lang='grc'>4)</span> <span class='ocrx_word' id='word_1_241' title='bbox 549 1907 646 1951; x_wconf 85' lang='lat' dir='ltr'>zeigt</span> <span class='ocrx_word' id='word_1_242' title='bbox 661 1907 739 1942; x_wconf 83' lang='lat' dir='ltr'>sich</span> <span class='ocrx_word' id='word_1_243' title='bbox 753 1908 857 1943; x_wconf 84' lang='lat' dir='ltr'>deut-</span> 
     </span>
     <span class='ocr_line' id='line_1_36' title="bbox 112 1951 856 2000; baseline 0.007 -15"><span class='ocrx_word' id='word_1_244' title='bbox 112 1951 188 1985; x_wconf 81' lang='lat' dir='ltr'>lich</span> <span class='ocrx_word' id='word_1_245' title='bbox 213 1952 252 1986; x_wconf 87' lang='lat' dir='ltr'>in</span> <span class='ocrx_word' id='word_1_246' title='bbox 279 1951 342 1986; x_wconf 86' lang='lat' dir='ltr'>der</span> <span class='ocrx_word' id='word_1_247' title='bbox 368 1953 451 1987; x_wconf 90' lang='lat' dir='ltr'>dem</span> <span class='ocrx_word' id='word_1_248' title='bbox 471 1953 509 1987; x_wconf 91' lang='lat' dir='ltr'>L.</span> <span class='ocrx_word' id='word_1_249' title='bbox 531 1957 634 1989; x_wconf 79' lang='lat' dir='ltr'>sonst</span> <span class='ocrx_word' id='word_1_250' title='bbox 654 1955 856 2000; x_wconf 69' lang='lat' dir='ltr'>gebrauch-</span> 
     </span>
     <span class='ocr_line' id='line_1_37' title="bbox 113 1998 856 2045; baseline 0.008 -13"><span class='ocrx_word' id='word_1_251' title='bbox 113 1998 278 2033; x_wconf 86' lang='lat' dir='ltr'>licheren</span> <span class='ocrx_word' id='word_1_252' title='bbox 306 1999 547 2045; x_wconf 83' lang='lat' dir='ltr'>Verbindung</span> <span class='ocrx_word' id='word_1_253' title='bbox 573 2002 779 2045; x_wconf 60' lang='lat' dir='ltr'>{effationem</span> <span class='ocrx_word' id='word_1_254' title='bbox 806 2014 856 2038; x_wconf 69' lang='lat' dir='ltr'>re-</span> 
     </span>
     <span class='ocr_line' id='line_1_38' title="bbox 114 2047 295 2080; baseline 0.006 -1"><span class='ocrx_word' id='word_1_255' title='bbox 114 2047 295 2080; x_wconf 68' lang='lat' dir='ltr'>mentiare.</span> 
     </span>
    </p>

    <p class='ocr_par' dir='ltr' id='par_1_18' title="bbox 113 2094 861 2180">
     <span class='ocr_line' id='line_1_39' title="bbox 162 2094 861 2141; baseline 0.009 -14"><span class='ocrx_word' id='word_1_256' title='bbox 162 2094 351 2139; x_wconf 72' lang='lat' dir='ltr'>resisteret]</span> <span class='ocrx_word' id='word_1_257' title='bbox 381 2094 687 2141; x_wconf 71' lang='lat' dir='ltr'>‘zuruckbliebe’,</span> <span class='ocrx_word' id='word_1_258' title='bbox 726 2096 763 2131; x_wconf 87' lang='lat' dir='ltr'>in</span> <span class='ocrx_word' id='word_1_259' title='bbox 797 2097 861 2133; x_wconf 85' lang='lat' dir='ltr'>der</span> 
     </span>
     <span class='ocr_line' id='line_1_40' title="bbox 113 2140 859 2180; baseline 0.008 -6"><span class='ocrx_word' id='word_1_260' title='bbox 113 2140 315 2176; x_wconf 86' lang='lat' dir='ltr'>Praesensf.</span> <span class='ocrx_word' id='word_1_261' title='bbox 344 2141 404 2176; x_wconf 89' lang='lat' dir='ltr'>bei</span> <span class='ocrx_word' id='word_1_262' title='bbox 430 2142 548 2177; x_wconf 89' lang='lat' dir='ltr'>dieser</span> <span class='ocrx_word' id='word_1_263' title='bbox 561 2143 648 2178; x_wconf 88' lang='lat' dir='ltr'>Bed.</span> <span class='ocrx_word' id='word_1_264' title='bbox 676 2156 744 2179; x_wconf 87' lang='lat' dir='ltr'>nur</span> <span class='ocrx_word' id='word_1_265' title='bbox 769 2144 859 2180; x_wconf 89' lang='lat' dir='ltr'>hier.</span> 
     </span>
    </p>

    <p class='ocr_par' dir='ltr' id='par_1_19' title="bbox 111 2188 860 2327">
     <span class='ocr_line' id='line_1_41' title="bbox 159 2188 859 2237; baseline 0.007 -15"><span class='ocrx_word' id='word_1_266' title='bbox 159 2188 283 2223; x_wconf 69' lang='lat' dir='ltr'>rudem</span> <span class='ocrx_word' id='word_1_267' title='bbox 309 2188 374 2234; x_wconf 78' lang='lat' dir='ltr'>acl]</span> <span class='ocrx_word' id='word_1_268' title='bbox 402 2201 428 2224; x_wconf 83' lang='lat' dir='ltr'>s.</span> <span class='ocrx_word' id='word_1_269' title='bbox 450 2202 493 2224; x_wconf 90' lang='lat' dir='ltr'>zu</span> <span class='ocrx_word' id='word_1_270' title='bbox 516 2195 569 2234; x_wconf 81' lang='lat'>13,</span> <span class='ocrx_word' id='word_1_271' title='bbox 599 2195 658 2233; x_wconf 88' lang='grc'>11;</span> <span class='ocrx_word' id='word_1_272' title='bbox 697 2192 772 2237; x_wconf 74' lang='lat' dir='ltr'>vgl.</span> <span class='ocrx_word' id='word_1_273' title='bbox 799 2192 859 2237; x_wconf 77' lang='lat'>⁶28,</span> 
     </span>
     <span class='ocr_line' id='line_1_42' title="bbox 111 2235 860 2281; baseline 0.009 -13"><span class='ocrx_word' id='word_1_274' title='bbox 111 2237 167 2278; x_wconf 77' lang='lat'>25,</span> <span class='ocrx_word' id='word_1_275' title='bbox 189 2240 209 2270; x_wconf 82' lang='grc'>8</span> <span class='ocrx_word' id='word_1_276' title='bbox 230 2235 353 2280; x_wconf 75' lang='lat' dir='ltr'>Scipio</span> <span class='ocrx_word' id='word_1_277' title='bbox 379 2237 479 2272; x_wconf 79' lang='lat' dir='ltr'>bellis</span> <span class='ocrx_word' id='word_1_278' title='bbox 497 2238 678 2281; x_wconf 70' lang='lat' dir='ltr'>adsuetus,</span> <span class='ocrx_word' id='word_1_279' title='bbox 704 2241 752 2274; x_wconf 76' lang='lat' dir='ltr'>acl</span> <span class='ocrx_word' id='word_1_280' title='bbox 770 2241 860 2275; x_wconf 78' lang='grc' dir='ltr'>30(ἶί-</span> 
     </span>
     <span class='ocr_line' id='line_1_43' title="bbox 112 2282 589 2327; baseline 0.008 -12"><span class='ocrx_word' id='word_1_281' title='bbox 112 2282 251 2317; x_wconf 76' lang='lat' dir='ltr'>tionum</span> <span class='ocrx_word' id='word_1_282' title='bbox 273 2284 450 2327; x_wconf 78' lang='lat' dir='ltr'>proeellas</span> <span class='ocrx_word' id='word_1_283' title='bbox 475 2286 589 2320; x_wconf 70' lang='lat' dir='ltr'>rudis.</span> 
     </span>
    </p>

    <p class='ocr_par' dir='ltr' id='par_1_20' title="bbox 113 2330 857 2424">
     <span class='ocr_line' id='line_1_44' title="bbox 159 2330 857 2379; baseline 0.009 -16"><span class='ocrx_word' id='word_1_284' title='bbox 159 2330 328 2375; x_wconf 74' lang='lat' dir='ltr'>habilem]</span> <span class='ocrx_word' id='word_1_285' title='bbox 353 2331 603 2375; x_wconf 73' lang='lat' dir='ltr'>‘brauchbar&#39;3</span> <span class='ocrx_word' id='word_1_286' title='bbox 627 2333 686 2369; x_wconf 88' lang='lat' dir='ltr'>die</span> <span class='ocrx_word' id='word_1_287' title='bbox 708 2334 857 2379; x_wconf 81' lang='lat' dir='ltr'>eigentl.</span> 
     </span>
     <span class='ocr_line' id='line_1_45' title="bbox 113 2376 621 2424; baseline 0.01 -15"><span class='ocrx_word' id='word_1_288' title='bbox 113 2376 334 2421; x_wconf 86' lang='lat' dir='ltr'>Bedeutung</span> <span class='ocrx_word' id='word_1_289' title='bbox 360 2389 386 2412; x_wconf 83' lang='grc'>3.</span> <span class='ocrx_word' id='word_1_290' title='bbox 414 2391 457 2412; x_wconf 90' lang='lat' dir='ltr'>zu</span> <span class='ocrx_word' id='word_1_291' title='bbox 483 2384 539 2424; x_wconf 88' lang='lat'>31,</span> <span class='ocrx_word' id='word_1_292' title='bbox 568 2384 621 2414; x_wconf 87' lang='lat'>14.</span> 
     </span>
    </p>

    <p class='ocr_par' dir='ltr' id='par_1_21' title="bbox 112 2425 859 2613">
     <span class='ocr_line' id='line_1_46' title="bbox 162 2425 859 2471; baseline 0.009 -13"><span class='ocrx_word' id='word_1_293' title='bbox 162 2429 193 2458; x_wconf 79' lang='lat'>6.</span> <span class='ocrx_word' id='word_1_294' title='bbox 238 2425 410 2470; x_wconf 73' lang='lat' dir='ltr'>insuetos]</span> <span class='ocrx_word' id='word_1_295' title='bbox 460 2426 728 2471; x_wconf 83' lang='lat' dir='ltr'>‘ungewohnt&#39;,</span> <span class='ocrx_word' id='word_1_296' title='bbox 779 2429 859 2464; x_wconf 86' lang='lat' dir='ltr'>hier</span> 
     </span>
     <span class='ocr_line' id='line_1_47' title="bbox 112 2470 859 2519; baseline 0.008 -15"><span class='ocrx_word' id='word_1_297' title='bbox 112 2470 239 2505; x_wconf 77' lang='lat' dir='ltr'>Passiv</span> <span class='ocrx_word' id='word_1_298' title='bbox 254 2483 325 2506; x_wconf 68' lang='lat' dir='ltr'>von</span> <span class='ocrx_word' id='word_1_299' title='bbox 350 2473 544 2508; x_wconf 69' lang='lat' dir='ltr'>insuescere</span> <span class='ocrx_word' id='word_1_300' title='bbox 560 2474 778 2519; x_wconf 72' lang='lat' dir='ltr'>‘gewohnt’,</span> <span class='ocrx_word' id='word_1_301' title='bbox 799 2476 859 2511; x_wconf 85' lang='lat' dir='ltr'>ein</span> 
     </span>
     <span class='ocr_line' id='line_1_48' title="bbox 113 2517 859 2564; baseline 0.008 -12"><span class='ocrx_word' id='word_1_302' title='bbox 113 2517 245 2553; x_wconf 72' lang='lat' dir='ltr'>hochst</span> <span class='ocrx_word' id='word_1_303' title='bbox 279 2519 437 2554; x_wconf 79' lang='lat' dir='ltr'>seltener</span> <span class='ocrx_word' id='word_1_304' title='bbox 462 2520 672 2564; x_wconf 85' lang='lat' dir='ltr'>Ausdruck,</span> <span class='ocrx_word' id='word_1_305' title='bbox 703 2522 763 2556; x_wconf 68' lang='lat' dir='ltr'>fiir</span> <span class='ocrx_word' id='word_1_306' title='bbox 789 2523 859 2558; x_wconf 80' lang='lat' dir='ltr'>(len</span> 
     </span>
     <span class='ocr_line' id='line_1_49' title="bbox 114 2565 856 2613; baseline 0.008 -14"><span class='ocrx_word' id='word_1_307' title='bbox 114 2565 193 2599; x_wconf 86' lang='lat' dir='ltr'>sich</span> <span class='ocrx_word' id='word_1_308' title='bbox 218 2565 277 2600; x_wconf 87' lang='lat' dir='ltr'>bei</span> <span class='ocrx_word' id='word_1_309' title='bbox 299 2566 376 2601; x_wconf 82' lang='lat' dir='ltr'>Liv.</span> <span class='ocrx_word' id='word_1_310' title='bbox 403 2566 489 2601; x_wconf 89' lang='lat' dir='ltr'>kein</span> <span class='ocrx_word' id='word_1_311' title='bbox 516 2568 709 2613; x_wconf 84' lang='lat' dir='ltr'>Analogou</span> <span class='ocrx_word' id='word_1_312' title='bbox 731 2569 856 2606; x_wconf 86' lang='lat' dir='ltr'>findet.</span> 
     </span>
    </p>

    <p class='ocr_par' dir='ltr' id='par_1_22' title="bbox 159 2612 735 2658">
     <span class='ocr_line' id='line_1_50' title="bbox 159 2612 735 2658; baseline 0.009 -12"><span class='ocrx_word' id='word_1_313' title='bbox 159 2612 300 2657; x_wconf 74' lang='lat' dir='ltr'>habere]</span> <span class='ocrx_word' id='word_1_314' title='bbox 329 2614 423 2648; x_wconf 87' lang='lat' dir='ltr'>ohne</span> <span class='ocrx_word' id='word_1_315' title='bbox 449 2626 494 2655; x_wconf 84' lang='grc'>30,</span> <span class='ocrx_word' id='word_1_316' title='bbox 522 2627 548 2649; x_wconf 82' lang='lat' dir='ltr'>s.</span> <span class='ocrx_word' id='word_1_317' title='bbox 576 2627 618 2649; x_wconf 89' lang='lat' dir='ltr'>zu</span> <span class='ocrx_word' id='word_1_318' title='bbox 645 2621 677 2658; x_wconf 83' lang='grc'>6,</span> <span class='ocrx_word' id='word_1_319' title='bbox 703 2621 735 2651; x_wconf 82' lang='lat'>5.</span> 
     </span>
    </p>

    <p class='ocr_par' dir='ltr' id='par_1_23' title="bbox 112 2661 860 2801">
     <span class='ocr_line' id='line_1_51' title="bbox 160 2661 860 2709; baseline 0.009 -16"><span class='ocrx_word' id='word_1_320' title='bbox 160 2662 312 2703; x_wconf 72' lang='lat' dir='ltr'>aequari</span> <span class='ocrx_word' id='word_1_321' title='bbox 354 2662 483 2706; x_wconf 66' lang='lat' dir='ltr'>alicui}</span> <span class='ocrx_word' id='word_1_322' title='bbox 537 2661 634 2706; x_wconf 70' lang='lat' dir='ltr'>‘jem</span> <span class='ocrx_word' id='word_1_323' title='bbox 673 2663 860 2709; x_wconf 85' lang='lat' dir='ltr'>gleichge-</span> 
     </span>
     <span class='ocr_line' id='line_1_52' title="bbox 114 2707 860 2750; baseline 0.008 -10"><span class='ocrx_word' id='word_1_324' title='bbox 114 2707 241 2741; x_wconf 79' lang='lat' dir='ltr'>macht</span> <span class='ocrx_word' id='word_1_325' title='bbox 260 2708 333 2750; x_wconf 84' lang='lat' dir='ltr'>w.’,</span> <span class='ocrx_word' id='word_1_326' title='bbox 360 2708 443 2743; x_wconf 89' lang='lat' dir='ltr'>dem</span> <span class='ocrx_word' id='word_1_327' title='bbox 466 2709 575 2744; x_wconf 76' lang='lat' dir='ltr'>Sinne</span> <span class='ocrx_word' id='word_1_328' title='bbox 596 2711 689 2745; x_wconf 85' lang='lat' dir='ltr'>nach</span> <span class='ocrx_word' id='word_1_329' title='bbox 711 2728 753 2739; x_wconf 93' lang='lat'>=</span> <span class='ocrx_word' id='word_1_330' title='bbox 776 2711 860 2746; x_wconf 89' lang='lat' dir='ltr'>dem</span> 
     </span>
     <span class='ocr_line' id='line_1_53' title="bbox 112 2753 625 2801; baseline 0.008 -14"><span class='ocrx_word' id='word_1_331' title='bbox 112 2753 257 2789; x_wconf 82' lang='lat' dir='ltr'>aet-iven</span> <span class='ocrx_word' id='word_1_332' title='bbox 283 2766 437 2799; x_wconf 80' lang='lat' dir='ltr'>aequare</span> <span class='ocrx_word' id='word_1_333' title='bbox 462 2757 625 2801; x_wconf 66' lang='lat' dir='ltr'>aliquem.</span> 
     </span>
    </p>

    <p class='ocr_par' dir='ltr' id='par_1_24' title="bbox 114 2802 858 2932">
     <span class='ocr_line' id='line_1_54' title="bbox 160 2802 858 2849; baseline 0.007 -14"><span class='ocrx_word' id='word_1_334' title='bbox 160 2802 286 2836; x_wconf 78' lang='lat' dir='ltr'>robore</span> <span class='ocrx_word' id='word_1_335' title='bbox 323 2804 472 2849; x_wconf 64' lang='lat' dir='ltr'>virium}</span> <span class='ocrx_word' id='word_1_336' title='bbox 529 2805 602 2839; x_wconf 80' lang='lat' dir='ltr'>rob.</span> <span class='ocrx_word' id='word_1_337' title='bbox 661 2805 719 2839; x_wconf 85' lang='lat' dir='ltr'>die</span> <span class='ocrx_word' id='word_1_338' title='bbox 779 2816 858 2840; x_wconf 82' lang='lat' dir='ltr'>aus-</span> 
     </span>
     <span class='ocr_line' id='line_1_55' title="bbox 115 2846 857 2897; baseline 0.009 -16"><span class='ocrx_word' id='word_1_339' title='bbox 115 2846 312 2893; x_wconf 82' lang='lat' dir='ltr'>dauernde,</span> <span class='ocrx_word' id='word_1_340' title='bbox 328 2850 701 2897; x_wconf 71' lang='lat' dir='ltr'>widerstandsffihige</span> <span class='ocrx_word' id='word_1_341' title='bbox 715 2853 857 2895; x_wconf 65' lang='lat' dir='ltr'>Starke‚</span> 
     </span>
     <span class='ocr_line' id='line_1_56' title="bbox 114 2893 348 2932; baseline 0.017 -4"><span class='ocrx_word' id='word_1_342' title='bbox 114 2893 178 2929; x_wconf 86' lang='lat' dir='ltr'>der</span> <span class='ocrx_word' id='word_1_343' title='bbox 205 2895 348 2932; x_wconf 73' lang='lat' dir='ltr'>‘Kern’.</span> 
     </span>
    </p>

    <p class='ocr_par' dir='ltr' id='par_1_25' title="bbox 187 2960 451 2989">
     <span class='ocr_line' id='line_1_57' title="bbox 187 2960 451 2989; baseline 0.015 -4"><span class='ocrx_word' id='word_1_344' title='bbox 187 2960 245 2986; x_wconf 77' lang='lat' dir='ltr'>Tit.</span> <span class='ocrx_word' id='word_1_345' title='bbox 268 2962 334 2987; x_wconf 72' lang='lat' dir='ltr'>Liv.</span> <span class='ocrx_word' id='word_1_346' title='bbox 357 2963 390 2988; x_wconf 45' lang='lat' dir='ltr'>B.</span> <span class='ocrx_word' id='word_1_347' title='bbox 412 2966 451 2989; x_wconf 65' lang='grc' dir='ltr'>κς.</span> 
     </span>
    </p>
   </div>
   <div class='ocr_carea' id='block_1_15' title="bbox 929 1483 1679 2393">
    <p class='ocr_par' dir='ltr' id='par_1_26' title="bbox 929 1483 1678 1857">
     <span class='ocr_line' id='line_1_58' title="bbox 979 1483 1676 1528; baseline 0 -11"><span class='ocrx_word' id='word_1_348' title='bbox 979 1487 1009 1518; x_wconf 84' lang='grc'>7.</span> <span class='ocrx_word' id='word_1_349' title='bbox 1036 1484 1258 1528; x_wconf 71' lang='lat' dir='ltr'>instruendi]</span> <span class='ocrx_word' id='word_1_350' title='bbox 1285 1483 1389 1518; x_wconf 88' lang='lat' dir='ltr'>nicht</span> <span class='ocrx_word' id='word_1_351' title='bbox 1409 1494 1588 1528; x_wconf 66' lang='lat' dir='ltr'>synonym</span> <span class='ocrx_word' id='word_1_352' title='bbox 1608 1483 1676 1518; x_wconf 83' lang='lat' dir='ltr'>mit</span> 
     </span>
     <span class='ocr_line' id='line_1_59' title="bbox 930 1530 1676 1572; baseline 0 -7"><span class='ocrx_word' id='word_1_353' title='bbox 930 1532 1106 1572; x_wconf 67' lang='lat' dir='ltr'>ornandi,</span> <span class='ocrx_word' id='word_1_354' title='bbox 1139 1531 1295 1566; x_wconf 86' lang='lat' dir='ltr'>sondern</span> <span class='ocrx_word' id='word_1_355' title='bbox 1326 1542 1399 1565; x_wconf 81' lang='lat' dir='ltr'>von</span> <span class='ocrx_word' id='word_1_356' title='bbox 1425 1531 1490 1565; x_wconf 88' lang='lat' dir='ltr'>der</span> <span class='ocrx_word' id='word_1_357' title='bbox 1515 1530 1676 1565; x_wconf 80' lang='lat' dir='ltr'>Aufstel-</span> 
     </span>
     <span class='ocr_line' id='line_1_60' title="bbox 930 1578 1677 1623; baseline 0.001 -12"><span class='ocrx_word' id='word_1_358' title='bbox 930 1578 1022 1622; x_wconf 85' lang='lat' dir='ltr'>lung</span> <span class='ocrx_word' id='word_1_359' title='bbox 1052 1578 1123 1613; x_wconf 79' lang='lat' dir='ltr'>wie</span> <span class='ocrx_word' id='word_1_360' title='bbox 1156 1582 1174 1620; x_wconf 62' lang='grc' dir='ltr'>ξ</span> <span class='ocrx_word' id='word_1_361' title='bbox 1205 1583 1264 1620; x_wconf 84' lang='grc'>11;</span> <span class='ocrx_word' id='word_1_362' title='bbox 1295 1578 1370 1623; x_wconf 82' lang='lat' dir='ltr'>vgl.</span> <span class='ocrx_word' id='word_1_363' title='bbox 1397 1578 1457 1622; x_wconf 81' lang='lat'>30,</span> <span class='ocrx_word' id='word_1_364' title='bbox 1483 1583 1540 1622; x_wconf 85' lang='lat'>33,</span> <span class='ocrx_word' id='word_1_365' title='bbox 1568 1583 1586 1612; x_wconf 91' lang='lat'>1</span> <span class='ocrx_word' id='word_1_366' title='bbox 1620 1580 1677 1612; x_wconf 73' lang='lat' dir='ltr'>in-</span> 
     </span>
     <span class='ocr_line' id='line_1_61' title="bbox 929 1627 1678 1670; baseline 0 -11"><span class='ocrx_word' id='word_1_367' title='bbox 929 1627 1039 1660; x_wconf 73' lang='lat' dir='ltr'>struit</span> <span class='ocrx_word' id='word_1_368' title='bbox 1070 1627 1197 1660; x_wconf 73' lang='lat' dir='ltr'>deinde</span> <span class='ocrx_word' id='word_1_369' title='bbox 1225 1627 1363 1670; x_wconf 66' lang='lat' dir='ltr'>primos</span> <span class='ocrx_word' id='word_1_370' title='bbox 1387 1627 1565 1668; x_wconf 71' lang='lat' dir='ltr'>hastatos,</span> <span class='ocrx_word' id='word_1_371' title='bbox 1596 1628 1678 1670; x_wconf 72' lang='lat' dir='ltr'>post</span> 
     </span>
     <span class='ocr_line' id='line_1_62' title="bbox 930 1674 1678 1717; baseline 0 -10"><span class='ocrx_word' id='word_1_372' title='bbox 930 1683 986 1707; x_wconf 88' lang='grc'>003</span> <span class='ocrx_word' id='word_1_373' title='bbox 1000 1674 1198 1717; x_wconf 63' lang='lat' dir='ltr'>principes.</span> <span class='ocrx_word' id='word_1_374' title='bbox 1211 1694 1254 1698; x_wconf 86' lang='lat'>——</span> <span class='ocrx_word' id='word_1_375' title='bbox 1266 1684 1340 1708; x_wconf 74' lang='lat' dir='ltr'>uon</span> <span class='ocrx_word' id='word_1_376' title='bbox 1359 1674 1538 1716; x_wconf 74' lang='lat' dir='ltr'>confertas</span> <span class='ocrx_word' id='word_1_377' title='bbox 1558 1674 1678 1709; x_wconf 74' lang='lat' dir='ltr'>cohor-</span> 
     </span>
     <span class='ocr_line' id='line_1_63' title="bbox 930 1721 1678 1766; baseline 0.003 -12"><span class='ocrx_word' id='word_1_378' title='bbox 930 1724 980 1755; x_wconf 84' lang='lat' dir='ltr'>tes</span> <span class='ocrx_word' id='word_1_379' title='bbox 1005 1724 1088 1755; x_wconf 77' lang='lat' dir='ltr'>‹mte</span> <span class='ocrx_word' id='word_1_380' title='bbox 1112 1722 1217 1766; x_wconf 67' lang='lat' dir='ltr'>sique(</span> <span class='ocrx_word' id='word_1_381' title='bbox 1243 1721 1465 1763; x_wconf 69' lang='lat' dir='ltr'>instruebat;</span> <span class='ocrx_word' id='word_1_382' title='bbox 1502 1721 1583 1756; x_wconf 84' lang='lat' dir='ltr'>ebd.</span> <span class='ocrx_word' id='word_1_383' title='bbox 1610 1724 1629 1763; x_wconf 66' lang='grc' dir='ltr'>ξ</span> <span class='ocrx_word' id='word_1_384' title='bbox 1656 1725 1678 1756; x_wconf 90' lang='grc'>4</span> 
     </span>
     <span class='ocr_line' id='line_1_64' title="bbox 931 1768 1677 1812; baseline 0.003 -11"><span class='ocrx_word' id='word_1_385' title='bbox 931 1768 1126 1802; x_wconf 68' lang='lat' dir='ltr'>Hannibal</span> <span class='ocrx_word' id='word_1_386' title='bbox 1146 1770 1286 1812; x_wconf 71' lang='lat' dir='ltr'>primos</span> <span class='ocrx_word' id='word_1_387' title='bbox 1311 1769 1515 1812; x_wconf 69' lang='lat' dir='ltr'>elephantos</span> <span class='ocrx_word' id='word_1_388' title='bbox 1540 1769 1677 1803; x_wconf 70' lang='lat' dir='ltr'>instru-</span> 
     </span>
     <span class='ocr_line' id='line_1_65' title="bbox 930 1816 1332 1857; baseline 0 -8"><span class='ocrx_word' id='word_1_389' title='bbox 930 1816 997 1857; x_wconf 74' lang='lat' dir='ltr'>ccit,</span> <span class='ocrx_word' id='word_1_390' title='bbox 1023 1816 1150 1850; x_wconf 75' lang='lat' dir='ltr'>deiude</span> <span class='ocrx_word' id='word_1_391' title='bbox 1176 1817 1332 1850; x_wconf 66' lang='lat' dir='ltr'>azcm&#39;lz&#39;a.</span> 
     </span>
    </p>

    <p class='ocr_par' dir='ltr' id='par_1_27' title="bbox 978 1863 1677 1907">
     <span class='ocr_line' id='line_1_66' title="bbox 978 1863 1677 1907; baseline 0.003 -11"><span class='ocrx_word' id='word_1_392' title='bbox 978 1864 1161 1907; x_wconf 67' lang='lat' dir='ltr'>iynorare]</span> <span class='ocrx_word' id='word_1_393' title='bbox 1183 1864 1277 1897; x_wconf 86' lang='lat' dir='ltr'>ohne</span> <span class='ocrx_word' id='word_1_394' title='bbox 1297 1874 1344 1904; x_wconf 82' lang='lat' dir='ltr'>se,</span> <span class='ocrx_word' id='word_1_395' title='bbox 1364 1863 1433 1897; x_wconf 79' lang='lat' dir='ltr'>wie</span> <span class='ocrx_word' id='word_1_396' title='bbox 1453 1866 1472 1905; x_wconf 65' lang='grc' dir='ltr'>ξ</span> <span class='ocrx_word' id='word_1_397' title='bbox 1493 1867 1512 1897; x_wconf 87' lang='grc'><strong>6</strong></span> <span class='ocrx_word' id='word_1_398' title='bbox 1539 1863 1677 1898; x_wconf 73' lang='lat' dir='ltr'>habere.</span> 
     </span>
    </p>

    <p class='ocr_par' dir='ltr' id='par_1_28' title="bbox 978 1910 1420 1956">
     <span class='ocr_line' id='line_1_67' title="bbox 978 1910 1420 1956; baseline 0.005 -13"><span class='ocrx_word' id='word_1_399' title='bbox 978 1910 1203 1956; x_wconf 67' lang='lat' dir='ltr'>temerarius]</span> <span class='ocrx_word' id='word_1_400' title='bbox 1233 1910 1420 1955; x_wconf 64' lang='lat' dir='ltr'>⁶plaulos’.</span> 
     </span>
    </p>

    <p class='ocr_par' dir='ltr' id='par_1_29' title="bbox 932 1963 1677 2055">
     <span class='ocr_line' id='line_1_68' title="bbox 979 1963 1677 2009; baseline 0.001 -12"><span class='ocrx_word' id='word_1_401' title='bbox 979 1966 1011 1997; x_wconf 86' lang='grc'>8.</span> <span class='ocrx_word' id='word_1_402' title='bbox 1046 1964 1139 2009; x_wconf 77' lang='lat' dir='ltr'>enm]</span> <span class='ocrx_word' id='word_1_403' title='bbox 1177 1963 1315 1998; x_wconf 63' lang='lat' dir='ltr'>erklart</span> <span class='ocrx_word' id='word_1_404' title='bbox 1346 1963 1410 1998; x_wconf 85' lang='lat' dir='ltr'>der</span> <span class='ocrx_word' id='word_1_405' title='bbox 1443 1964 1677 1999; x_wconf 78' lang='lat' dir='ltr'>Zusammen-</span> 
     </span>
     <span class='ocr_line' id='line_1_69' title="bbox 932 2010 1044 2055; baseline 0 -11"><span class='ocrx_word' id='word_1_406' title='bbox 932 2010 1044 2055; x_wconf 86' lang='lat' dir='ltr'>hang.</span> 
     </span>
    </p>

    <p class='ocr_par' dir='ltr' id='par_1_30' title="bbox 981 2057 1486 2104">
     <span class='ocr_line' id='line_1_70' title="bbox 981 2057 1486 2104; baseline 0.002 -13"><span class='ocrx_word' id='word_1_407' title='bbox 981 2062 1012 2092; x_wconf 88' lang='lat'>9.</span> <span class='ocrx_word' id='word_1_408' title='bbox 1041 2057 1218 2104; x_wconf 70' lang='lat' dir='ltr'>Statorio]</span> <span class='ocrx_word' id='word_1_409' title='bbox 1246 2070 1273 2093; x_wconf 89' lang='lat' dir='ltr'>s.</span> <span class='ocrx_word' id='word_1_410' title='bbox 1300 2070 1345 2092; x_wconf 90' lang='lat' dir='ltr'>zu</span> <span class='ocrx_word' id='word_1_411' title='bbox 1372 2062 1428 2102; x_wconf 73' lang='lat'>42,</span> <span class='ocrx_word' id='word_1_412' title='bbox 1454 2062 1486 2093; x_wconf 80' lang='lat'>8.</span> 
     </span>
    </p>

    <p class='ocr_par' dir='ltr' id='par_1_31' title="bbox 931 2111 1679 2393">
     <span class='ocr_line' id='line_1_71' title="bbox 981 2111 1677 2157; baseline -0.001 -11"><span class='ocrx_word' id='word_1_413' title='bbox 981 2112 1030 2146; x_wconf 75' lang='lat' dir='ltr'>act</span> <span class='ocrx_word' id='word_1_414' title='bbox 1070 2112 1318 2156; x_wconf 71' lang='lat' dir='ltr'>accipiendam</span> <span class='ocrx_word' id='word_1_415' title='bbox 1351 2112 1470 2157; x_wconf 70' lang='lat' dir='ltr'>sidem]</span> <span class='ocrx_word' id='word_1_416' title='bbox 1511 2111 1579 2147; x_wconf 84' lang='lat' dir='ltr'>wie</span> <span class='ocrx_word' id='word_1_417' title='bbox 1619 2111 1677 2146; x_wconf 83' lang='lat' dir='ltr'>die</span> 
     </span>
     <span class='ocr_line' id='line_1_72' title="bbox 933 2158 1676 2204; baseline -0.001 -10"><span class='ocrx_word' id='word_1_418' title='bbox 933 2159 1068 2194; x_wconf 71' lang='lat' dir='ltr'>Romer</span> <span class='ocrx_word' id='word_1_419' title='bbox 1100 2170 1171 2194; x_wconf 82' lang='lat' dir='ltr'>von</span> <span class='ocrx_word' id='word_1_420' title='bbox 1197 2158 1275 2193; x_wconf 86' lang='lat' dir='ltr'>ihm</span> <span class='ocrx_word' id='word_1_421' title='bbox 1309 2163 1327 2201; x_wconf 63' lang='grc' dir='ltr'>ἓ</span> <span class='ocrx_word' id='word_1_422' title='bbox 1355 2162 1392 2201; x_wconf 86' lang='grc'>8;</span> <span class='ocrx_word' id='word_1_423' title='bbox 1432 2159 1504 2204; x_wconf 79' lang='lat' dir='ltr'>vgl.</span> <span class='ocrx_word' id='word_1_424' title='bbox 1532 2159 1592 2202; x_wconf 70' lang='lat'>⁸23,</span> <span class='ocrx_word' id='word_1_425' title='bbox 1620 2163 1676 2202; x_wconf 74' lang='lat'>34,</span> 
     </span>
     <span class='ocr_line' id='line_1_73' title="bbox 932 2207 1679 2251; baseline 0.001 -11"><span class='ocrx_word' id='word_1_426' title='bbox 932 2211 951 2240; x_wconf 77' lang='lat'>2</span> <span class='ocrx_word' id='word_1_427' title='bbox 979 2207 1146 2251; x_wconf 66' lang='lat' dir='ltr'>missique</span> <span class='ocrx_word' id='word_1_428' title='bbox 1181 2208 1229 2241; x_wconf 72' lang='lat' dir='ltr'>acl</span> <span class='ocrx_word' id='word_1_429' title='bbox 1259 2207 1474 2249; x_wconf 69' lang='lat' dir='ltr'>firmandam</span> <span class='ocrx_word' id='word_1_430' title='bbox 1502 2207 1604 2250; x_wconf 75' lang='lat' dir='ltr'>fidem</span> <span class='ocrx_word' id='word_1_431' title='bbox 1633 2207 1679 2241; x_wconf 87' lang='lat' dir='ltr'>le-</span> 
     </span>
     <span class='ocr_line' id='line_1_74' title="bbox 931 2253 1677 2299; baseline 0.004 -13"><span class='ocrx_word' id='word_1_432' title='bbox 931 2255 1026 2298; x_wconf 74' lang='lat' dir='ltr'>yrrti,</span> <span class='ocrx_word' id='word_1_433' title='bbox 1058 2265 1132 2288; x_wconf 85' lang='lat' dir='ltr'>was</span> <span class='ocrx_word' id='word_1_434' title='bbox 1165 2253 1260 2288; x_wconf 88' lang='lat' dir='ltr'>auch</span> <span class='ocrx_word' id='word_1_435' title='bbox 1285 2253 1366 2288; x_wconf 88' lang='lat' dir='ltr'>hier</span> <span class='ocrx_word' id='word_1_436' title='bbox 1391 2254 1590 2299; x_wconf 84' lang='lat' dir='ltr'>passender</span> <span class='ocrx_word' id='word_1_437' title='bbox 1616 2265 1677 2299; x_wconf 86' lang='lat' dir='ltr'>ge-</span> 
     </span>
     <span class='ocr_line' id='line_1_75' title="bbox 932 2301 1677 2345; baseline 0.001 -10"><span class='ocrx_word' id='word_1_438' title='bbox 932 2312 1053 2336; x_wconf 82' lang='lat' dir='ltr'>wesen</span> <span class='ocrx_word' id='word_1_439' title='bbox 1084 2305 1196 2345; x_wconf 68' lang='lat' dir='ltr'>wilre,</span> <span class='ocrx_word' id='word_1_440' title='bbox 1229 2302 1276 2336; x_wconf 86' lang='lat' dir='ltr'>da</span> <span class='ocrx_word' id='word_1_441' title='bbox 1307 2301 1366 2336; x_wconf 88' lang='lat' dir='ltr'>die</span> <span class='ocrx_word' id='word_1_442' title='bbox 1393 2301 1474 2336; x_wconf 81' lang='lat' dir='ltr'>Ges.</span> <span class='ocrx_word' id='word_1_443' title='bbox 1507 2301 1585 2336; x_wconf 88' lang='lat' dir='ltr'>sich</span> <span class='ocrx_word' id='word_1_444' title='bbox 1618 2302 1677 2336; x_wconf 86' lang='lat' dir='ltr'>die</span> 
     </span>
     <span class='ocr_line' id='line_1_76' title="bbox 932 2348 1467 2393; baseline 0.002 -11"><span class='ocrx_word' id='word_1_445' title='bbox 932 2348 1178 2393; x_wconf 66' lang='lat' dir='ltr'>Bestiitigung</span> <span class='ocrx_word' id='word_1_446' title='bbox 1202 2349 1314 2384; x_wconf 87' lang='lat' dir='ltr'>holen</span> <span class='ocrx_word' id='word_1_447' title='bbox 1340 2349 1467 2384; x_wconf 84' lang='lat' dir='ltr'>solleu.</span> 
     </span>
    </p>
   </div>
   <div class='ocr_carea' id='block_1_16' title="bbox 927 2406 1677 2939">
    <p class='ocr_par' dir='ltr' id='par_1_32' title="bbox 929 2406 1677 2734">
     <span class='ocr_line' id='line_1_77' title="bbox 979 2406 1676 2452; baseline -0.001 -10"><span class='ocrx_word' id='word_1_448' title='bbox 979 2411 1030 2442; x_wconf 90' lang='lat'>10.</span> <span class='ocrx_word' id='word_1_449' title='bbox 1080 2409 1178 2442; x_wconf 75' lang='lat' dir='ltr'>intra</span> <span class='ocrx_word' id='word_1_450' title='bbox 1216 2408 1419 2452; x_wconf 71' lang='lat' dir='ltr'>praesidia]</span> <span class='ocrx_word' id='word_1_451' title='bbox 1465 2406 1676 2442; x_wconf 58' lang='grc' dir='ltr'>ε1000111011)</span> 
     </span>
     <span class='ocr_line' id='line_1_78' title="bbox 929 2454 1674 2499; baseline -0.001 -10"><span class='ocrx_word' id='word_1_452' title='bbox 929 2454 994 2489; x_wconf 85' lang='lat' dir='ltr'>der</span> <span class='ocrx_word' id='word_1_453' title='bbox 1028 2454 1407 2499; x_wconf 67' lang='lat' dir='ltr'>Besatzungsplil-tze&#39;,</span> <span class='ocrx_word' id='word_1_454' title='bbox 1446 2454 1509 2489; x_wconf 86' lang='lat' dir='ltr'>der</span> <span class='ocrx_word' id='word_1_455' title='bbox 1544 2454 1674 2489; x_wconf 81' lang='lat' dir='ltr'>Zusatz</span> 
     </span>
     <span class='ocr_line' id='line_1_79' title="bbox 930 2501 1675 2536; baseline -0.001 0"><span class='ocrx_word' id='word_1_456' title='bbox 930 2503 1131 2536; x_wconf 57' lang='lat' dir='ltr'>auscium-es</span> <span class='ocrx_word' id='word_1_457' title='bbox 1181 2502 1319 2536; x_wconf 67' lang='lat' dir='ltr'>erklart</span> <span class='ocrx_word' id='word_1_458' title='bbox 1367 2503 1437 2536; x_wconf 86' lang='lat' dir='ltr'>den</span> <span class='ocrx_word' id='word_1_459' title='bbox 1483 2501 1675 2536; x_wconf 86' lang='lat' dir='ltr'>Ausdruck</span> 
     </span>
     <span class='ocr_line' id='line_1_80' title="bbox 930 2548 1677 2593; baseline 0 -10"><span class='ocrx_word' id='word_1_460' title='bbox 930 2549 984 2583; x_wconf 87' lang='lat' dir='ltr'>als</span> <span class='ocrx_word' id='word_1_461' title='bbox 1011 2551 1117 2583; x_wconf 80' lang='lat' dir='ltr'>unter</span> <span class='ocrx_word' id='word_1_462' title='bbox 1138 2549 1209 2583; x_wconf 86' lang='lat' dir='ltr'>den</span> <span class='ocrx_word' id='word_1_463' title='bbox 1231 2549 1515 2593; x_wconf 77' lang='lat' dir='ltr'>‘Besatzungen&#39;</span> <span class='ocrx_word' id='word_1_464' title='bbox 1539 2548 1677 2583; x_wconf 85' lang='lat' dir='ltr'>befind-</span> 
     </span>
     <span class='ocr_line' id='line_1_81' title="bbox 929 2596 1676 2641; baseline 0 -12"><span class='ocrx_word' id='word_1_465' title='bbox 929 2596 1021 2638; x_wconf 76' lang='lat' dir='ltr'>lieh3</span> <span class='ocrx_word' id='word_1_466' title='bbox 1049 2597 1122 2641; x_wconf 84' lang='lat' dir='ltr'>vgl.</span> <span class='ocrx_word' id='word_1_467' title='bbox 1151 2596 1210 2640; x_wconf 75' lang='lat'>25,</span> <span class='ocrx_word' id='word_1_468' title='bbox 1238 2601 1293 2639; x_wconf 67' lang='lat'>24,</span> <span class='ocrx_word' id='word_1_469' title='bbox 1322 2601 1364 2630; x_wconf 79' lang='lat'>15</span> <span class='ocrx_word' id='word_1_470' title='bbox 1388 2596 1590 2641; x_wconf 65' lang='lat' dir='ltr'>praemittit</span> <span class='ocrx_word' id='word_1_471' title='bbox 1610 2596 1676 2640; x_wconf 72' lang='lat' dir='ltr'>Sy-</span> 
     </span>
     <span class='ocr_line' id='line_1_82' title="bbox 933 2642 1676 2688; baseline 0 -11"><span class='ocrx_word' id='word_1_472' title='bbox 933 2654 1147 2687; x_wconf 72' lang='lat' dir='ltr'>racusanos,</span> <span class='ocrx_word' id='word_1_473' title='bbox 1179 2645 1243 2688; x_wconf 74' lang='lat' dir='ltr'>qui</span> <span class='ocrx_word' id='word_1_474' title='bbox 1267 2645 1366 2678; x_wconf 67' lang='lat' dir='ltr'>intra</span> <span class='ocrx_word' id='word_1_475' title='bbox 1388 2643 1577 2688; x_wconf 70' lang='lat' dir='ltr'>praesidia</span> <span class='ocrx_word' id='word_1_476' title='bbox 1602 2642 1676 2678; x_wconf 85' lang='lat' dir='ltr'>Ro-</span> 
     </span>
     <span class='ocr_line' id='line_1_83' title="bbox 933 2691 1445 2734; baseline 0 -10"><span class='ocrx_word' id='word_1_477' title='bbox 933 2702 1041 2725; x_wconf 71' lang='lat' dir='ltr'>mam!</span> <span class='ocrx_word' id='word_1_478' title='bbox 1067 2692 1215 2734; x_wconf 70' lang='lat' dir='ltr'>fucrant</span> <span class='ocrx_word' id='word_1_479' title='bbox 1241 2691 1315 2725; x_wconf 85' lang='lat' dir='ltr'>und</span> <span class='ocrx_word' id='word_1_480' title='bbox 1341 2691 1445 2726; x_wconf 59' lang='lat' dir='ltr'>efter.</span> 
     </span>
    </p>

    <p class='ocr_par' dir='ltr' id='par_1_33' title="bbox 927 2750 1676 2842">
     <span class='ocr_line' id='line_1_84' title="bbox 983 2750 1676 2795; baseline 0.003 -12"><span class='ocrx_word' id='word_1_481' title='bbox 983 2754 1036 2784; x_wconf 87' lang='lat'>11.</span> <span class='ocrx_word' id='word_1_482' title='bbox 1063 2751 1266 2795; x_wconf 53' lang='lat' dir='ltr'>ordinatos]</span> <span class='ocrx_word' id='word_1_483' title='bbox 1295 2767 1337 2778; x_wconf 91' lang='lat'>=</span> <span class='ocrx_word' id='word_1_484' title='bbox 1365 2751 1404 2784; x_wconf 81' lang='lat' dir='ltr'>in</span> <span class='ocrx_word' id='word_1_485' title='bbox 1431 2750 1574 2785; x_wconf 73' lang='lat' dir='ltr'>ordines</span> <span class='ocrx_word' id='word_1_486' title='bbox 1605 2750 1676 2785; x_wconf 74' lang='lat' dir='ltr'>dis-</span> 
     </span>
     <span class='ocr_line' id='line_1_85' title="bbox 927 2797 1584 2842; baseline 0.003 -12"><span class='ocrx_word' id='word_1_487' title='bbox 927 2798 1080 2841; x_wconf 70' lang='lat' dir='ltr'>positos,</span> <span class='ocrx_word' id='word_1_488' title='bbox 1108 2797 1176 2832; x_wconf 84' lang='lat' dir='ltr'>wie</span> <span class='ocrx_word' id='word_1_489' title='bbox 1202 2798 1261 2832; x_wconf 86' lang='lat' dir='ltr'>bei</span> <span class='ocrx_word' id='word_1_490' title='bbox 1288 2798 1357 2832; x_wconf 82' lang='lat' dir='ltr'>den</span> <span class='ocrx_word' id='word_1_491' title='bbox 1384 2797 1584 2842; x_wconf 86' lang='lat' dir='ltr'>Manipeln.</span> 
     </span>
    </p>

    <p class='ocr_par' dir='ltr' id='par_1_34' title="bbox 931 2856 1677 2939">
     <span class='ocr_line' id='line_1_86' title="bbox 978 2856 1677 2901; baseline 0.003 -12"><span class='ocrx_word' id='word_1_492' title='bbox 978 2856 1177 2901; x_wconf 68' lang='lat' dir='ltr'>(leezcrrerel</span> <span class='ocrx_word' id='word_1_493' title='bbox 1224 2857 1277 2891; x_wconf 68' lang='lat' dir='ltr'>als</span> <span class='ocrx_word' id='word_1_494' title='bbox 1325 2856 1677 2892; x_wconf 69' lang='lat' dir='ltr'>Exerci‹·1-n1an6ver</span> 
     </span>
     <span class='ocr_line' id='line_1_87' title="bbox 931 2902 1676 2939; baseline 0.003 -2"><span class='ocrx_word' id='word_1_495' title='bbox 931 2914 968 2937; x_wconf 82' lang='grc'>30</span> <span class='ocrx_word' id='word_1_496' title='bbox 983 2902 1054 2938; x_wconf 74' lang='lat' dir='ltr'>viel</span> <span class='ocrx_word' id='word_1_497' title='bbox 1070 2903 1123 2938; x_wconf 80' lang='lat' dir='ltr'>als</span> <span class='ocrx_word' id='word_1_498' title='bbox 1135 2904 1411 2939; x_wconf 62' lang='lat' dir='ltr'>‘marschiereffl</span> <span class='ocrx_word' id='word_1_499' title='bbox 1429 2904 1496 2939; x_wconf 84' lang='lat' dir='ltr'>mit</span> <span class='ocrx_word' id='word_1_500' title='bbox 1506 2903 1676 2939; x_wconf 80' lang='lat' dir='ltr'>Schwen-</span> 
     </span>
    </p>
   </div>
   <div class='ocr_carea' id='block_1_17' title="bbox 1307 1234 1745 1277">
    <p class='ocr_par' dir='ltr' id='par_1_35' title="bbox 1307 1234 1745 1277">
     <span class='ocr_line' id='line_1_88' title="bbox 1307 1234 1745 1277; baseline 0 -1"><span class='ocrx_word' id='word_1_501' title='bbox 1307 1238 1349 1276; x_wconf 86' lang='lat' dir='ltr'>et</span> <span class='ocrx_word' id='word_1_502' title='bbox 1380 1234 1592 1277; x_wconf 80' lang='lat' dir='ltr'>Statorius</span> <span class='ocrx_word' id='word_1_503' title='bbox 1625 1250 1676 1277; x_wconf 81' lang='lat' dir='ltr'>ex</span> <span class='ocrx_word' id='word_1_504' title='bbox 1703 1246 1745 1276; x_wconf 85' lang='lat'>11</span> 
     </span>
    </p>
   </div>
  </div>
 </body>
</html>
