1882 3163
185 148 213 187 4
691 146 837 181 LIBER
862 146 1010 182 XXIIII.
1056 147 1158 184 CAP.
1187 152 1216 182 1.

1537 165 1562 183 a.
1588 166 1616 183 u.
1642 165 1666 184 c.
1691 158 1755 185 539.

184 257 226 295 et
259 254 521 310 refugientes
558 255 684 308 pauci
722 254 852 296 aliam
891 269 1063 297 omnem
1101 255 1417 297 multitudinem
1455 255 1499 297 in
1536 259 1752 311 potestate

183 313 376 354 hostium
408 327 500 355 esse
534 313 803 368 adferebant,
842 316 935 355 tum
960 317 1077 356 metu
1108 315 1210 356 victi
1242 315 1515 356 consulturos
1549 329 1593 357 se
1617 330 1752 370 popu-

138 384 156 413 7
184 372 274 413 lum
305 371 632 426 responderunt.
677 373 967 428 advocataque
1000 374 1212 428 extemplo
1252 374 1453 415 contione
1490 388 1587 415 cum
1619 376 1662 415 et
1693 375 1748 416 le—

183 430 383 472 vissimus
416 431 594 486 quisque
626 446 762 473 novas
794 446 861 473 res
896 447 1137 487 novamque
1179 433 1429 474 societatem
1469 433 1666 488 mallent,
1710 436 1753 475 et

184 503 366 544 quorum
397 490 626 545 propinqui
666 493 786 532 extra
823 491 973 533 urbem
1012 492 1234 533 interclusi
1278 492 1332 532 ab
1375 491 1572 533 hostibus
1615 496 1750 546 erant,

137 560 156 590 8
184 549 300 589 velut
332 548 553 590 obsidibus
587 549 698 591 datis
731 550 977 604 pigneratos
1010 550 1217 592 haberent
1249 551 1427 601 animos,
1462 551 1587 604 pauci
1612 552 1750 606 magis

182 607 304 648 taciti
335 608 569 662 probarent
601 610 872 650 constantem
898 609 1024 650 fidem
1056 624 1184 664 quam
1216 609 1443 664 propalam
1475 610 1587 650 tueri
1627 609 1750 651 aude-

182 669 290 720 rent,
321 666 435 708 haud
467 667 597 709 dubio
636 668 681 708 in
720 668 905 722 speciem
944 683 1155 710 consensu
1194 668 1242 709 fit
1280 668 1334 710 ad
1371 668 1539 710 Poenos
1578 668 1749 710 deditio.

137 737 156 766 9
184 725 228 766 L.
261 725 396 767 Atilio
435 726 654 780 praefecto
693 727 895 781 praesidii
939 728 1094 782 quique
1135 742 1231 768 cum
1276 741 1324 768 eo
1372 727 1529 768 milites
1567 727 1751 769 Romani

185 787 307 826 erant
348 785 459 826 clam
497 786 542 826 in
574 788 748 840 portum
788 786 979 827 deductis
1019 789 1145 841 atque
1184 786 1398 840 impositis
1437 786 1483 827 in
1523 787 1664 839 navis,
1704 789 1753 828 ut

184 843 369 899 Regium
413 843 739 897 deveherentur,
783 844 1074 887 Hamilcarem
1116 844 1366 900 Poenosque
1399 859 1448 886 ea
1490 845 1750 898 condicione,

184 906 232 944 ut
263 902 411 944 foedus
445 903 657 957 extemplo
691 904 837 958 aequis
869 904 1036 958 legibus
1067 903 1200 957 fieret,
1231 904 1274 945 in
1307 904 1456 945 urbem
1483 908 1750 959 acceperunt.

125 972 167 1002 10
184 961 302 1002 cuius
334 962 393 1003 rei
425 976 557 1016 prope
590 977 678 1003 non
705 965 875 1004 servata
905 963 1010 1004 fides
1044 962 1198 1003 deditis
1226 965 1301 1016 est,
1335 977 1429 1004 cum
1454 962 1623 1004 Poenus
1651 963 1748 1005 dolo

183 1020 408 1062 dimissum
428 1020 672 1063 Romanum
704 1021 931 1075 incusaret,
962 1020 1196 1064 Locrenses
1222 1021 1464 1076 profugisse
1488 1021 1632 1076 ipsum
1654 1037 1749 1063 cau-

126 1090 165 1120 11
183 1081 392 1121 sarentur.
429 1080 611 1121 insecuti
655 1080 785 1121 etiam
828 1081 992 1135 equites
1033 1083 1151 1134 sunt,
1197 1081 1232 1122 si
1277 1094 1359 1135 quo
1403 1095 1503 1121 casu
1548 1081 1594 1121 in
1638 1081 1748 1122 freto

183 1140 324 1179 aestus
357 1139 516 1180 morari
548 1141 623 1180 aut
654 1139 816 1181 deferre
848 1154 979 1181 naves
1011 1139 1057 1180 in
1088 1141 1247 1180 terram
1272 1142 1431 1193 posset.
1477 1141 1519 1180 et
1551 1153 1623 1181 eos
1656 1140 1746 1193 qui-

183 1196 289 1251 dem,
322 1211 428 1252 quos
461 1198 761 1252 sequebantur,
792 1213 879 1240 non
912 1201 1012 1240 sunt
1043 1198 1204 1253 adepti3
1239 1198 1345 1239 alias
1375 1213 1400 1239 a
1419 1197 1621 1239 Messana
1646 1199 1748 1239 trai-

125 1267 166 1297 12
183 1256 343 1297 cientes
363 1256 474 1299 freto
495 1256 679 1312 Regium
706 1271 837 1298 naves
859 1259 1181 1312 conspexerunt.
1227 1256 1385 1298 milites
1418 1259 1542 1298 erant
1560 1256 1747 1298 Romani

180 1406 373 1442 vielleicht
398 1407 494 1442 doch
520 1408 615 1443 noch
642 1408 703 1443 ein
722 1408 851 1453 Erfolg
871 1420 924 1443 er-

181 1466 325 1499 rungen
355 1455 521 1498 worden3
561 1456 696 1490 ebenso
724 1460 786 1499 26,
817 1460 857 1490 10
884 1459 925 1490 ut

181 1502 356 1537 cernebat.
384 1506 440 1545 32,
452 1506 472 1536 5
494 1506 534 1536 ut
553 1504 677 1537 omnia
695 1514 793 1537 vana
809 1506 923 1548 erant.

181 1552 239 1589 31,
265 1552 284 1583 2
305 1551 499 1593 postquam
521 1551 683 1593 pervasit
704 1561 828 1585 rumor
853 1550 931 1592 fre*

180 1596 358 1640 mita-sque
382 1600 469 1631 erat.
511 1596 571 1638 25,
603 1600 663 1638 10,
690 1602 709 1631 6
730 1601 925 1641 postquam

181 1643 248 1677 lua·
279 1643 408 1677 certior
439 1647 518 1678 erat
544 1664 587 1668 ——
607 1624 924 1688 conticiscebatque

175 1686 361 1734 paulatim
387 1691 573 1725 tumultus.

230 1737 342 1771 aliam
367 1737 518 1783 omnem]
552 1737 628 1772 dies
660 1737 718 1772 die
750 1738 822 1772 fast
853 1738 923 1772 ste-

181 1784 302 1818 hende
329 1784 549 1829 Wortfolge,
578 1785 711 1820 ebenso
736 1785 798 1820 bei
820 1786 925 1820 ceteri

181 1841 316 1874 omnes,
354 1831 424 1866 wie
451 1836 488 1875 7,
527 1836 546 1865 2
579 1843 659 1866 cum
691 1836 800 1867 cetero
827 1833 926 1867 omni

183 1879 358 1921 exercitu,
397 1879 472 1923 vgl.
500 1891 544 1913 zu
569 1883 626 1922 22,
656 1883 710 1914 15.

231 1929 261 1960 7.
300 1926 411 1971 velut]
451 1926 512 1960 bei
543 1926 584 1961 L.
619 1926 856 1971 gewohnlich
888 1926 926 1961 in

181 1971 439 2017 Vergleichen,
465 1973 537 2016 die,
557 1973 626 2008 wie
647 1973 736 2016 hier,
757 1973 840 2008 dem
856 1973 925 2009 Ge-

181 2019 407 2054 richtsleben
433 2021 670 2054 entnommen
697 2020 795 2063 sind,
829 2033 857 2056 Z.
884 2020 925 2055 B.

182 2066 243 2109 22,
269 2070 326 2110 44,
354 2072 373 2101 6
399 2068 494 2110 quod
517 2067 712 2102 Hannibal
731 2068 805 2102 iam
831 2068 927 2102 velut

182 2124 253 2147 usu
296 2114 441 2157 cepisset
477 2115 642 2149 Italiam.
693 2114 763 2156 26,
800 2118 865 2158 29,
905 2118 925 2148 4

183 2160 289 2194 obrui
320 2160 459 2195 Aetnae
490 2162 638 2205 iqnibus
657 2182 701 2186 —
721 2162 838 2195 satius
869 2162 926 2195 illi

182 2207 326 2241 insulae
351 2217 421 2241 esse
446 2219 555 2252 qaam
579 2209 675 2242 velut
701 2208 784 2242 dedi
808 2218 926 2242 noxae

183 2254 351 2295 inimic0;
396 2255 491 2289 auch
535 2259 639 2288 sonst
673 2267 735 2288 zur
772 2255 927 2289 Hervor-

182 2301 334 2345 hebung
372 2301 434 2335 des
471 2301 677 2336 bildliclien
717 2302 928 2335 Ausdrucks

183 2347 253 2382 wie
279 2351 318 2391 2,
345 2351 366 2381 8
398 2359 495 2382 unus
520 2349 615 2383 velut
648 2349 809 2390 morbus3
854 2348 927 2393 vgl.

186 2398 241 2436 18,
267 2398 299 2429 2.
327 2398 384 2438 45,
411 2400 443 2429 3.

233 2444 263 2476 8.
299 2442 429 2487 pauci]
463 2444 571 2477 unter
604 2442 675 2476 den
697 2443 814 2486 pauci
846 2442 928 2477 sind

183 2488 452 2533 voizugsweise
459 2490 648 2533 principes
661 2501 706 2523 zu
719 2489 927 2532 verstehen,

184 2546 256 2570 von
282 2536 402 2570 denen
428 2547 465 2571 es
499 2536 559 2579 29,
589 2541 622 2579 6,
649 2540 669 2571 5
696 2536 828 2571 heisst:
865 2537 928 2581 qui

178 2583 283 2626 pulsi
295 2583 340 2617 ab
361 2583 513 2618 adversa
530 2584 700 2626 factione,
720 2595 811 2628 qnae
821 2583 928 2618 Han—

184 2629 302 2664 nibali
340 2630 474 2665 Locros
515 2631 736 2674 tradiderat,
773 2630 928 2675 Reyium

184 2687 219 2710 se
253 2677 489 2712 contulerant.
540 2677 582 2711 In
619 2677 747 2712 leisem
787 2678 928 2712 Wider-

186 2723 319 2767 spruch
356 2723 480 2758 hierzu
510 2724 611 2759 steht
643 2736 699 2769 eS,
731 2736 838 2759 wenn
870 2724 928 2767 23,

187 2774 243 2811 30,
270 2773 290 2804 8
323 2773 457 2815 gesagt
487 2771 553 2806 ist:
593 2771 787 2806 Locrenses
819 2772 929 2806 (lesci-

186 2827 265 2850 vere
290 2818 338 2851 ad
363 2817 531 2852 Bruttios
556 2818 763 2863 Poenosque
776 2819 929 2862 prodita

186 2864 420 2898 multitudine
440 2876 462 2899 a
477 2866 729 2909 principibus-,-
757 2865 853 2900 doch
878 2865 928 2901 ist

188 2910 453 2955 anzunehmen,
475 2912 559 2946 dass
579 2912 638 2947 die
654 2912 843 2947 Mehrzahl
863 2912 927 2948 der

996 1408 1255 1443 Aristokraten
1293 1420 1376 1442 zum
1419 1408 1548 1443 Abfall
1592 1408 1744 1453 geneigt

998 1467 1074 1489 war
1100 1456 1175 1490 und
1201 1455 1354 1490 deshalb
1374 1455 1481 1489 ihren
1500 1455 1660 1490 Einfluss
1681 1456 1748 1490 auf

998 1502 1056 1537 die
1083 1503 1217 1547 Menge
1244 1502 1410 1537 ausfibte.

1044 1550 1086 1593 fit
1116 1550 1165 1584 acl
1193 1551 1332 1584 Poenos
1358 1549 1508 1594 deditio]
1532 1566 1575 1578 =
1598 1560 1670 1584 sese
1698 1550 1747 1584 acl

1000 1597 1139 1631 Poenos
1165 1597 1355 1639 dederunt,
1385 1597 1455 1630 wie
1482 1597 1521 1631 L.
1549 1596 1609 1639 27,
1648 1600 1701 1640 15,
1728 1601 1747 1630 2

997 1643 1148 1678 ahnlich
1180 1646 1282 1688 sagt3
1318 1643 1392 1688 vgl.
1426 1643 1486 1685 28,
1532 1647 1593 1686 22,
1631 1648 1650 1677 5
1684 1655 1748 1678 nec

996 1691 1131 1726 deditio
1163 1694 1244 1725 tuta
1276 1691 1324 1725 ad
1361 1694 1435 1724 tam
1466 1690 1615 1733 infestos
1646 1691 1742 1725 vide—

997 1739 1116 1772 batur.

1045 1789 1076 1819 9.
1128 1785 1251 1828 aequis
1295 1784 1446 1829 leqibus]
1493 1784 1553 1818 ein
1596 1784 1741 1818 solches

997 1843 1150 1876 aequum
1184 1832 1310 1874 foedus
1344 1831 1484 1866 schloss
1512 1830 1640 1875 Capua
1673 1830 1745 1865 mit

997 1879 1204 1921 Hannibal,
1241 1879 1280 1912 in
1311 1878 1489 1913 welchem
1528 1890 1561 1912 u.
1588 1878 1630 1912 A.
1671 1877 1739 1912 fol-

998 1926 1116 1970 gende
1160 1926 1305 1960 Punkte
1359 1925 1574 1970 ausgefiihrt
1616 1936 1741 1959 waren

999 1973 1083 2016 923,
1111 1977 1140 2016 7,
1170 1974 1220 2017 1):
1259 1984 1302 2006 ne
1327 1973 1408 2017 quis
1442 1973 1639 2016 imperator
1670 1983 1749 2006 ‘ma-

997 2022 1213 2065 yistratusve
1239 2020 1444 2054 Poenorum
1475 2020 1540 2064 ius,
1559 2019 1675 2053 ullum
1701 2020 1743 2053 in

999 2069 1108 2102 civem
1128 2067 1356 2111 Campanum
1373 2067 1527 2110 haberet,
1553 2077 1637 2100 neve
1657 2067 1745 2100 civis

1000 2114 1211 2159 Campanus
1229 2115 1369 2148 invitus
1386 2114 1559 2148 militaret
1571 2124 1744 2147 munusve

998 2163 1149 2204 faceret,
1176 2163 1217 2195 ut
1241 2171 1328 2195 suae
1348 2161 1449 2204 leyes,
1474 2161 1534 2194 sui
1553 2161 1744 2204 magistra-

998 2212 1057 2242 tus
1084 2208 1234 2252 Capuae
1265 2210 1386 2242 essent.
1438 2206 1621 2240 Aehnlich
1650 2206 1745 2251 jetzt

1002 2255 1061 2289 die
1088 2254 1306 2296 Locrensem
1335 2265 1361 2287 s.
1390 2257 1409 2295 ἓ
1438 2257 1491 2287 13.

1053 2306 1106 2335 11.
1154 2300 1395 2346 ‹si—posset]
1444 2300 1506 2334 ‘ob
1545 2299 1748 2342 vielleicht,

1001 2348 1194 2383 vielleicht
1226 2348 1346 2387 dass’;
1390 2348 1423 2382 si
1460 2347 1510 2381 ist
1544 2347 1747 2392 eigentlich

1003 2394 1191 2440 abhangig
1235 2406 1277 2428 zu
1322 2395 1468 2429 denken
1512 2405 1585 2428 von
1627 2405 1748 2445 eqem

1002 2443 1179 2486 Veibum,
1194 2441 1262 2476 wie
1277 2445 1432 2486 expecto,
1444 2442 1620 2484 experior,
1640 2444 1748 2485 temp-

1000 2493 1048 2531 to,
1074 2490 1188 2523 findet
1214 2489 1292 2523 sich
1318 2489 1406 2523 aber
1428 2488 1523 2523 auch
1544 2487 1658 2522 allein
1678 2486 1748 2522 mit

1002 2537 1122 2571 einem
1145 2536 1259 2580 Conj.,
1286 2547 1378 2580 gew.
1401 2547 1473 2570 von
1493 2545 1657 2578 possum,
1685 2546 1748 2568 um

1001 2583 1082 2618 eine
1103 2583 1260 2617 Absicht
1281 2583 1368 2617 oder
1390 2582 1497 2617 einen
1518 2581 1681 2616 Versuch
1702 2593 1746 2615 zu

1000 2630 1234 2665 bezeichnen.
1291 2629 1418 2664 Dieser
1461 2628 1654 2663 Gebrauch
1697 2628 1748 2662 ist

1004 2678 1088 2712 dem
1133 2678 1172 2712 L.
1207 2678 1254 2720 (u.
1278 2675 1422 2719 Caesar)
1450 2675 1534 2711 sehr
1572 2674 1747 2719 gel'aufig,

1003 2725 1077 2769 vgl.
1104 2729 1166 2766 36,
1206 2727 1226 2757 8
1259 2722 1418 2758 Himilco
1450 2725 1590 2757 secutus
1622 2723 1745 2766 nequi-

1001 2782 1111 2816 quam
1138 2752 1358 2805 Marcellum
1381 2770 1596 2814 Syr-‚acuetis
1621 2770 1653 2803 si
1674 2779 1747 2813 qua

1001 2819 1140 2853 occasio
1165 2817 1360 2862 puqnanoli
1385 2819 1481 2851 esset.

1048 2867 1143 2900 alias
1164 2864 1217 2909 n.]
1234 2864 1281 2898 ist
1301 2863 1418 2899 leicht
1436 2861 1657 2898 erklarliche
1672 2862 1745 2897 Un-

999 2911 1252 2957 genauigkeit.
