1882 3163
658 90 803 124 LIBER
829 89 942 124 XXV.
984 89 1085 126 CAP.
1115 95 1168 126 10.
1641 90 1697 132 23

130 110 158 128 a.
181 102 248 128 Chr.
270 109 298 126 n.
319 102 379 126 212.

131 191 330 242 acceptus
353 188 513 242 scapha
532 188 576 229 in
598 201 739 228 arcem
765 186 1109 230 circumvehitur.
1146 201 1333 228 errorem
1359 190 1402 228 et
1421 187 1528 228 tuba
1554 187 1699 228 audit-a
1727 199 1750 229 4

132 262 184 288 ex
214 247 384 289 theatro
416 246 620 300 faciebat,
656 259 758 287 nam
797 247 840 286 et
871 244 1066 287 Romana
1104 248 1215 299 erat,
1257 260 1281 287 a
1319 246 1613 300 proditoribus
1647 246 1701 287 ad

130 305 213 348 hoc
244 306 387 360 ipsum
418 307 688 360 praeparata,
720 306 763 344 et
794 303 1027 345 inscienter
1059 319 1084 345 a
1111 303 1274 346 Graeco
1308 305 1472 359 inflata,
1505 305 1599 359 quis
1626 308 1701 347 aut

132 365 287 419 quibus
320 364 491 419 signum
523 364 661 417 daret,
700 362 913 403 incertum
945 362 1171 404 efficiebat.
1231 364 1306 404 ubi
1336 364 1511 415 inluxit,
1544 366 1587 405 et
1617 363 1700 405 Ro-
1726 376 1746 405 5

132 423 272 464 manis
304 423 469 464 Punica
501 425 543 464 et
575 421 743 464 Gallica
775 435 894 462 arma
933 421 1107 475 cognita
1146 436 1239 462 eam
1277 422 1592 465 dubitationem
1631 438 1699 464 ex-

134 485 346 533 emerunt,
385 484 428 523 et
460 481 613 523 Graeci
649 480 869 522 Romanos
908 479 1073 533 passim
1112 481 1239 522 caede
1281 483 1442 523 stratos
1481 484 1700 524 cernentes

136 540 189 581 ab
223 540 470 582 Hannibale
503 542 675 594 captam
708 539 856 579 urbem
889 541 1127 580 senserunt.
1177 542 1408 593 postquam
1440 541 1513 582 lux
1545 540 1700 582 certior
1726 553 1746 582 o

135 601 244 653 erat,
277 603 320 641 et
350 598 553 652 Romani,
592 598 664 653 qui
697 597 897 639 caedibus
938 597 1255 652 superfuerant,
1295 599 1342 638 in
1382 613 1521 640 arcem
1555 600 1699 641 confu-

135 661 300 712 gerant,
332 657 724 711 conticiscebatque
755 656 966 711 paulatim
997 657 1221 711 tumultus,
1252 660 1344 698 tum
1370 657 1592 700 Hannibal
1619 658 1699 699 Ta-

133 718 326 759 rentinos
359 717 450 758 sine
484 717 612 757 armis
651 729 885 757 convocare
917 715 1046 756 iubet.
1110 730 1347 757 convenere
1381 730 1545 771 omnes,
1578 732 1698 771 prae·
1726 730 1744 760 τ

132 778 328 830 terquam
361 776 434 830 qui
466 775 651 817 cedentis
684 775 729 816 in
762 788 902 815 arcem
927 773 1148 816 Romanos
1176 775 1229 816 ad
1256 790 1427 817 omnem
1460 776 1698 818 adeundam

132 834 260 875 simul
297 834 515 876 fortunam
554 833 767 888 persecuti
804 832 985 874 fuerant.
1053 833 1113 874 ibi
1145 833 1366 875 Hannibal
1409 835 1594 890 benigne
1627 836 1698 877 ad·
1725 848 1745 877 ὅ

130 893 299 934 locutus
320 893 578 934 Tarentinos
598 895 881 946 testatusque,
907 906 1014 947 quae
1039 892 1328 947 praestitisset
1347 894 1511 935 civibus
1540 909 1699 948 eorum,

132 966 237 1006 quos
264 952 317 993 ad
336 951 680 993 Trasumennum
713 954 788 992 aut
820 951 873 992 ad
894 949 1066 992 Cannas
1098 952 1298 1006 cepisset,
1330 952 1455 994 simul
1488 953 1534 994 in
1565 953 1699 995 domi-
1726 972 1745 1001 9

131 1011 352 1052 nationem
380 1011 609 1065 superbam
635 1009 929 1051 Romanorum
955 1010 1161 1064 invectus,
1193 1011 1380 1065 recipere
1407 1026 1451 1052 se
1476 1012 1521 1054 in
1547 1012 1697 1054 domos

132 1084 232 1110 suas
277 1083 486 1124 quemque
530 1070 656 1110 iussit
700 1072 741 1110 et
785 1069 947 1110 foribus
986 1084 1145 1111 nomen
1188 1085 1311 1111 suum
1356 1070 1608 1113 inscribere:
1653 1086 1698 1113 se

131 1128 280 1170 domos
312 1143 403 1182 eas,
442 1143 549 1183 quae
588 1128 822 1182 inscriptae
859 1142 949 1169 non
981 1131 1142 1182 essent,
1180 1129 1306 1183 signo
1348 1129 1563 1184 extemplo
1596 1130 1697 1172 dato

129 1244 283 1286 richtet,
322 1243 407 1278 dass
444 1255 482 1278 er
514 1243 724 1278 betrunken
756 1254 875 1288 gewe-

130 1302 194 1325 sen
221 1291 284 1326 sei.

177 1343 343 1383 acceptas
367 1338 518 1383 scapha]
547 1339 683 1372 ebenso
711 1343 877 1383 acceptas

127 1386 267 1430 scapha
299 1384 418 1429 (Caes.
451 1384 510 1418 BC
537 1385 577 1427 3,
607 1390 690 1429 101,
725 1390 755 1420 6.
796 1385 874 1420 Liv.

128 1432 189 1476 44,
210 1437 267 1475 42,
289 1434 336 1476 5).
376 1432 452 1466 Das
473 1432 570 1467 Part.
593 1432 643 1466 ist
669 1432 876 1477 eigentlich

129 1479 367 1524 iiberfliissig,
413 1480 510 1514 denn
555 1491 593 1514 cs
633 1481 777 1524 genu'gt
815 1480 875 1514 die

127 1527 408 1571 Uebersetzung
430 1527 485 1561 ‘er
504 1526 590 1560 fuhr
614 1527 658 1560 in
680 1526 780 1561 einer
799 1538 874 1562 sea-

122 1575 199 1620 pha
226 1574 385 1617 herum',
413 1585 450 1608 es
478 1573 604 1618 bringt
625 1575 714 1609 aber
734 1574 793 1608 ein
813 1575 875 1609 be-

129 1621 305 1656 sonderes
344 1620 512 1655 Moment
548 1621 674 1663 hinzu,
714 1621 874 1655 welches

129 1668 189 1702 die
205 1668 542 1703 Anschaulichkeit
560 1667 711 1703 fordeit.
746 1668 793 1703 So
814 1669 874 1711 21,

129 1720 190 1758 27,
229 1721 248 1749 5
291 1716 458 1760 Hispani
496 1717 625 1751 caetris
662 1717 876 1750 incubantes

127 1764 259 1806 flumen
297 1767 486 1798 tranacere
523 1762 616 1796 ‘auf
643 1762 875 1797 Lederschil-

129 1809 225 1843 den'.
272 1809 397 1843 Dahin
422 1810 556 1854 gehort
582 1810 677 1843 auch
704 1810 763 1844 die
784 1810 873 1844 hitu-

127 1857 200 1901 fige
228 1856 490 1901 Verwendung
517 1857 582 1891 der
606 1856 704 1890 Part.
732 1858 874 1900 dactus,

128 1908 333 1945 commotus,
355 1905 532 1948 impulsus
551 1915 584 1937 u.
601 1916 627 1937 s.
644 1915 699 1946 W.,
721 1916 783 1937 um
803 1904 875 1938 den

128 1950 283 1985 inneren
301 1950 560 1995 Beweggrund
576 1963 618 1985 zu
634 1950 735 1985 einer
749 1950 873 1984 Hand-

128 1998 220 2043 lung
245 2009 287 2031 zu
312 1997 548 2040 bezeichnen,
577 1997 733 2032 (leutsch
763 1998 873 2041 ‘aus’,

128 2045 197 2079 wie
226 2046 473 2079 misericordia
500 2049 616 2079 mota-s·
642 2056 674 2079 u.
702 2056 732 2078 a.
760 2057 807 2079 m.

174 2094 212 2126 in
241 2104 355 2127 arcem
385 2092 678 2137 circamsehitur]
712 2091 787 2136 vgl.
819 2097 871 2135 11,

129 2143 183 2173 19.
211 2144 267 2181 23,
290 2144 322 2173 6.
351 2144 407 2181 30,
424 2144 477 2173 10.
519 2138 588 2173 Die
608 2139 708 2183 Burg
728 2139 792 2183 lag
813 2150 872 2172 am

126 2186 248 2220 Meerc
282 2188 352 2229 (11,
382 2189 430 2230 1),
464 2186 533 2220 wic
566 2185 802 2230 gcwohnlich
835 2186 873 2219 in

128 2233 359 2267 Seestadten.

174 2285 205 2315 4.
234 2280 442 2326 inscienter]
464 2280 609 2315 kommt
628 2280 689 2314 bei
704 2280 783 2314 Liv.
804 2292 873 2314 nur

126 2327 207 2361 hier
232 2338 310 2362 vor.

174 2375 351 2409 incertam
395 2375 588 2419 efficiebat]
633 2374 870 2419 gewohnlich

128 2422 211 2465 sagt
232 2420 270 2454 L.
291 2422 410 2463 facere
429 2421 498 2454 mit
518 2421 618 2464 Aclj.,
639 2423 785 2456 ¹reddere
805 2421 872 2456 hat

126 2479 166 2502 er
192 2467 401 2512 iiborhaupt
438 2480 506 2501 nur
532 2479 577 2501 an
605 2467 731 2502 cinci·
757 2468 870 2502 stelle

129 2514 364 2559 angewamdt,
385 2514 549 2548 niimlich
571 2515 604 2557 8,
626 2518 682 2558 38,
705 2519 747 2550 15
769 2517 873 2550 caede

126 2564 277 2597 inermes
309 2566 562 2606 cruentamque
593 2562 668 2596 illis
692 2563 871 2606 praedam

125 2610 241 2644 redde.

173 2657 254 2701 qais
298 2659 362 2690 aut
400 2656 530 2699 quibas
568 2656 709 2700 siquam
750 2656 868 2701 claret]

127 2702 209 2736 eine
241 2702 484 2746 Vcrkiirzung
515 2713 579 2735 aus
616 2701 705 2735 zwci
739 2701 869 2746 Frage-

127 2751 269 2792 siitzcn,
303 2767 347 2779 =
379 2751 460 2794 quis
491 2751 633 2795 siquam
670 2750 771 2783 daret
807 2754 870 2784 atii

125 2797 255 2841 quibus
293 2798 355 2840 (is,
393 2798 456 2841 qai
492 2797 603 2832 dedit,
642 2797 753 2830 daret.
819 2797 869 2830 1111

127 2843 340 2878 Deutschen
375 2843 473 2877 kann
507 2843 607 2877 dit->c
642 2842 758 2877 Ksirzc
796 2843 869 2877 bei-

949 1244 1128 1278 behalten
1149 1244 1309 1287 werden,
1331 1256 1440 1279 wenn
1460 1245 1520 1280 die
1546 1246 1696 1291 passive

952 1290 1093 1325 Constr.
1121 1292 1287 1336 gewahlt
1311 1292 1415 1326 wird.

999 1344 1029 1373 5.
1058 1340 1163 1374 caede
1188 1339 1335 1384 stratos]
1363 1339 1433 1373 wie
1460 1339 1494 1382 4,
1516 1345 1572 1382 29,
1595 1345 1612 1375 1
1629 1352 1697 1385 per

949 1390 1080 1420 stratos
1107 1387 1211 1421 caede
1236 1387 1359 1421 hostes.
1403 1387 1463 1430 25,
1485 1392 1541 1431 ⁶26,
1564 1392 1608 1422 10
1629 1390 1695 1432 (ut)

949 1434 1108 1468 iacerent
1151 1438 1268 1468 strata
1311 1436 1483 1468 eoecmima
1534 1447 1694 1480 corpora.

950 1480 1016 1523 27,
1050 1485 1114 1522 47,
1147 1485 1166 1515 9
1205 1482 1293 1524 fessi
1329 1486 1494 1516 sternant
1532 1494 1695 1527 corpora.

949 1527 1086 1571 Haufig
1124 1527 1239 1561 findet
1277 1527 1358 1562 sich
1396 1528 1517 1563 neben
1556 1530 1696 1564 diesem

948 1574 1113 1609 Verbum
1137 1575 1248 1609 hami.

997 1626 1028 1656 6.
1050 1627 1244 1667 postquam
1271 1643 1314 1647 —
1341 1624 1433 1669 erat]
1455 1624 1521 1657 das
1542 1624 1693 1669 Imperf.

948 1669 1045 1702 nach
1065 1674 1272 1714 postquam,
1298 1674 1352 1712 ut,
1373 1671 1438 1705 ubi
1464 1682 1496 1705 u.
1520 1683 1546 1705 s,
1568 1683 1612 1704 w.
1633 1683 1696 1705 zur

948 1715 1210 1761 Bezeichnung
1237 1716 1302 1751 der
1332 1716 1694 1763 Nichtvollendung,

948 1762 1017 1797 wie
1050 1764 1156 1798 recht
1187 1763 1270 1797 klar
1302 1775 1367 1798 aus
1401 1764 1485 1798 dem
1517 1765 1696 1800 weiteren

948 1811 1267 1855 conticiscebatque
1310 1813 1495 1855 paulatim
1540 1812 1691 1847 hervor-

948 1857 1049 1901 geht.
1094 1857 1178 1901 Vgl.
1208 1858 1267 1900 24,
1297 1862 1327 1899 1,
1356 1863 1375 1892 6
1401 1863 1442 1893 ut
1462 1859 1605 1894 Poenus
1631 1872 1693 1905 ap-

942 1905 1089 1948 paruit,
1134 1909 1166 1939 et
1208 1906 1425 1951 refaqientes
1468 1908 1693 1951 adferebant,

948 1956 1023 1986 tum
1050 1980 1056 1986 .
1086 1966 1110 1994 .;
1139 1963 1165 1985 s.
1193 1963 1235 1985 zu
1262 1957 1318 1995 ⁴26,
1349 1956 1400 1986 15.

995 1998 1086 2044 tam]
1116 2010 1142 2032 s.
1171 2010 1213 2032 zu
1239 2003 1271 2040 8,
1300 2004 1331 2034 9.

995 2057 1188 2081 convocare
1208 2047 1320 2092 iubet]
1350 2046 1445 2080 ohne
1473 2047 1692 2092 Subj.-Acc.,

947 2092 1108 2127 welcher
1123 2092 1202 2126 sich
1216 2093 1333 2128 leicht
1348 2095 1515 2138 erganzt3
1532 2106 1571 2129 so
1586 2095 1693 2129 nicht

947 2139 1065 2173 selten
1079 2140 1139 2175 bei
1155 2140 1206 2183 L.,
1228 2153 1255 2174 Z.
1271 2140 1310 2174 Β.
1329 2142 1363 2184 9,
1384 2146 1436 2183 14,
1452 2146 1471 2176 5
1487 2143 1596 2188 siyna
1609 2143 1694 2178 inde

945 2188 1039 2229 ferre
1055 2189 1160 2222 iussit
1173 2192 1206 2222 et
1220 2189 1344 2232 copias
1357 2189 1493 2224 ecluaeit.
1522 2188 1581 2230 24,
1597 2194 1653 2232 39,
1670 2194 1690 2224 3

947 2246 1026 2268 cum
1058 2236 1181 2279 primo
1212 2236 1343 2270 sensim
1378 2237 1524 2271 reddere
1562 2238 1691 2279 clai-es,

945 2282 1031 2316 dein
1046 2283 1119 2316 iam
1134 2294 1212 2317 ‘ima
1224 2294 1307 2317 voce
1327 2284 1366 2317 id
1386 2294 1505 2318 omnes
1518 2285 1690 2320 iuberent.

994 2333 1024 2362 7.
1052 2331 1233 2373 persecuti
1263 2331 1427 2375 fuerant]
1463 2342 1490 2364 s.
1524 2342 1566 2364 zu
1594 2336 1631 2372 5,
1659 2336 1691 2366 4.

938 2378 1107 2420 persequi
1127 2375 1176 2409 im
1197 2376 1457 2410 freundlichen
1472 2376 1596 2419 Sinne,
1619 2377 1688 2411 wie

944 2423 1003 2465 29,
1031 2428 1087 2465 31,
1114 2427 1134 2457 8
1161 2424 1326 2465 familiae
1357 2424 1495 2467 aliquot
1521 2436 1597 2458 cum
1627 2436 1688 2468 pe-

944 2470 1086 2504 coribus
1117 2471 1194 2503 sais
1222 2471 1403 2513 persecuti
1439 2475 1525 2505 sunt
1554 2482 1690 2516 ocyma,-

944 2516 1166 2559 umgckchrt
1186 2518 1358 2561 prosequi
1378 2516 1558 2550 feindlich
1582 2523 1634 2560 11,
1656 2523 1687 2552 4.

993 2566 1025 2596 8.
1049 2564 1113 2608 ibi]
1137 2563 1331 2607 tcmporal,
1356 2563 1424 2597 wic
1445 2564 1549 2598 nicht
1570 2564 1689 2599 sclten

945 2609 1005 2643 bei
1032 2609 1128 2652 Liv.;
1156 2610 1229 2654 vgl.
1258 2614 1313 2652 38,
1342 2615 1372 2644 4.

991 2657 1155 2701 testatus]
1190 2659 1314 2691 testari
1341 2674 1383 2686 =
1419 2657 1513 2691 ‘sich
1547 2658 1614 2691 auf
1636 2660 1687 2692 et-

945 2715 1019 2736 was
1040 2700 1229 2745 bcrufcn';
1252 2705 1345 2738 cbcn
1366 2715 1405 2738 so
1426 2704 1486 2747 37,
1507 2709 1563 2747 56,
1585 2709 1604 2739 8
1628 2717 1689 2740 nec

943 2752 1132 2794 quii-qnam
1169 2752 1394 2795 impetratum
1435 2756 1584 2787 testante
1616 2754 1686 2795 soe-

943 2798 1030 2831 Aera
1057 2798 1264 2841 Antipatro.

992 2849 1022 2878 9.
1065 2845 1275 2890 inscriptae]
1324 2844 1408 2879 ‘mit
1454 2845 1554 2880 einer
1598 2846 1686 2880 Auf-
