1882 3163
217 103 273 146 82
708 104 852 139 LIBER
877 105 987 141 XXV.
1028 104 1127 141 CAP.
1154 109 1209 143 40.
1237 110 1292 142 41.

1568 124 1593 143 a,
1617 125 1643 143 u.
1664 125 1688 144 c.
1710 119 1776 145 542.

213 201 375 255 templo
408 201 551 255 copias
582 201 719 242 movit
751 203 792 242 et
823 202 876 243 ab
908 201 1031 244 hoste
1063 205 1264 257 quattuor
1295 203 1427 245 ferme
1453 204 1618 246 milium
1642 205 1772 248 inter-

147 273 189 304 10
216 260 329 302 vallo
363 260 566 315 consedit,
598 260 698 315 quid
731 263 907 316 agerent
931 265 1200 317 pararentve,
1226 265 1534 317 expectaturus.
1585 264 1656 305 sed
1680 265 1772 306 nul-

214 320 303 360 lum
340 333 476 375 neque
514 319 655 361 locum
694 334 831 375 neque
870 322 1040 376 tempus
1081 322 1345 363 cunctationi
1387 322 1617 364 consiliove
1659 323 1776 366 dedit

214 377 437 430 Muttines,
468 381 763 433 transgressus
796 393 965 421 amnem
997 395 1046 422 ac
1078 381 1335 423 stationibus
1367 381 1557 423 hostium
1590 396 1686 423 cum
1711 382 1772 424 in-

144 452 186 482 11
216 439 337 494 genti
374 440 537 479 terrore
574 453 623 479 ac
663 439 853 480 tumultu
893 438 1098 481 invectus.

213 497 377 551 proelio
411 497 619 551 compulit
655 497 793 540 hostis
833 498 947 540 intra
983 499 1260 541 munimenta.

1164 443 1335 495 postero
1378 440 1444 482 die
1483 455 1617 496 prope
1659 441 1775 484 iusto

1321 499 1418 541 inde
1455 502 1679 542 revocatus
1712 515 1773 542 se-

215 556 376 598 ditione
407 555 691 598 Numidarum
724 557 770 599 in
801 557 955 599 castris
981 558 1108 613 facta,
1140 573 1234 600 cum
1261 559 1442 600 trecenti
1467 559 1599 601 ferme
1626 574 1773 601 eorum

213 614 469 657 Heracleam
494 615 684 658 Minoam
710 617 1029 672 concessissent,
1061 618 1114 659 ad
1139 617 1398 673 mitigandos
1430 618 1775 674 revocandosque

216 689 287 717 eos
319 674 535 729 profectus
567 689 726 731 magno
760 690 887 731 opere
919 677 1134 718 monuisse
1162 677 1288 718 duces
1317 677 1482 732 dicitur,
1512 691 1565 718 ne
1598 678 1775 719 absente

145 748 187 778 12
215 748 259 776 se
292 749 388 776 cum
419 734 543 776 hoste
575 749 726 776 manus
759 738 1041 778 consererent.
1091 736 1134 777 id
1167 737 1294 778 ambo
1327 750 1452 792 aegre
1485 736 1602 791 passi
1635 737 1775 791 duces,

212 794 351 849 magis
384 793 556 848 Hanno,
586 794 673 836 iam
705 797 804 836 ante
836 794 987 836 anxius
1020 795 1157 850 gloria
1182 796 1289 837 eius:
1322 795 1552 837 Muttinem
1577 795 1659 838 sibi
1685 810 1774 838 mo-

215 853 316 894 dum
341 852 493 908 facere,
519 853 773 909 degenerem
798 853 951 895 Afrum
987 854 1237 908 imperatori
1264 853 1611 910 Carthaginiensi
1639 855 1771 897 misso

144 926 185 956 13
215 912 268 954 ab
317 914 467 954 senatu
514 912 775 967 populoque!
818 913 854 954 is
894 913 1082 967 perpulit
1129 916 1400 955 cunctantem
1430 913 1679 969 Epicyden,
1726 916 1775 955 ut

213 972 475 1027 transgressi
505 972 663 1013 flumen
688 972 733 1013 in
765 972 899 1014 aciem
932 972 1114 1013 exirent:
1145 987 1246 1013 nam
1279 973 1314 1013 si
1340 972 1570 1014 Muttinem
1603 973 1770 1027 opperi-

212 1033 372 1085 rentur,
404 1033 446 1072 et
477 1030 662 1072 secunda
692 1044 863 1086 pugnae
895 1031 1069 1072 fortuna
1101 1032 1326 1084 evenisset,
1357 1031 1472 1073 haud
1504 1031 1630 1072 dubie
1661 1031 1774 1073 Mut-

141 1090 318 1134 41tinis
355 1090 535 1145 gloriam
567 1090 670 1132 fore.
721 1090 936 1132 enimvero
973 1090 1195 1146 indignum
1221 1094 1340 1132 ratus
1366 1090 1595 1132 Marcellus
1622 1104 1678 1144 se,
1704 1091 1776 1145 qui

213 1149 503 1190 Hannibalem
543 1149 771 1191 subnixum
808 1149 985 1191 victoria
1018 1149 1231 1192 Cannensi
1270 1150 1322 1191 ab
1353 1149 1470 1192 Nola
1506 1150 1774 1204 reppulisset,

214 1208 282 1250 his
314 1210 430 1250 terra
461 1209 653 1264 marique
683 1209 808 1250 victis
841 1209 894 1250 ab
928 1223 971 1250 se
1003 1209 1199 1251 hostibus
1234 1209 1398 1264 cedere,
1439 1223 1557 1250 arma
1595 1222 1774 1263 propere

169 1281 187 1311 2
216 1282 364 1322 capere
395 1268 555 1309 milites
593 1270 636 1309 et
667 1268 806 1309 efferri
838 1269 962 1323 signa
992 1268 1122 1310 iubet.
1171 1269 1409 1310 instruente
1442 1267 1674 1310 exercitum
1706 1267 1774 1309 de-

217 1341 307 1368 cem
335 1327 479 1369 effusis
507 1327 625 1383 equis
653 1327 858 1369 advolant
884 1342 934 1369 ex
959 1328 1149 1369 hostium
1175 1328 1264 1370 acie
1289 1326 1500 1369 Numidae
1526 1327 1775 1368 nuntiantes

217 1387 445 1441 populares
484 1401 602 1441 suos,
639 1387 824 1441 primum
863 1401 913 1428 ea
950 1387 1159 1430 seditione
1196 1388 1355 1442 motos,
1393 1401 1477 1442 qua
1512 1386 1693 1428 trecenti
1725 1400 1775 1427 ex

169 1460 189 1490 3
218 1460 395 1488 numero
447 1460 522 1488 suo
566 1446 855 1488 concesserint
897 1445 1171 1501 Heracleam,
1215 1446 1314 1487 dein
1356 1446 1469 1501 quod
1512 1445 1775 1500 praefectum

220 1520 344 1546 suum
377 1505 430 1546 ab
463 1505 807 1547 obtrectantibus
840 1505 1016 1547 ducibus
1049 1506 1212 1561 gloriae
1245 1506 1332 1547 eius
1366 1505 1444 1546 sub
1476 1505 1615 1560 ipsam
1642 1506 1776 1546 certa-

218 1564 344 1606 minis
372 1563 483 1606 diem
511 1565 754 1620 ablegatum
784 1564 968 1620 videant,
994 1566 1212 1620 quieturos
1238 1565 1283 1606 in
1308 1578 1465 1620 pugna.
1516 1578 1619 1620 gens
1644 1563 1775 1605 fallax

260 1697 292 1728 9.
320 1694 443 1738 copias
467 1693 590 1738 movit]
621 1704 647 1728 S.
675 1704 717 1727 zu
743 1696 775 1736 9,
803 1697 834 1727 7.

262 1745 315 1775 10.
342 1745 475 1776 terrore
494 1751 538 1775 ac
556 1741 727 1785 twmultu]
752 1752 778 1774 S.
795 1752 838 1773 zu
852 1744 884 1782 4,
902 1744 956 1776 10.

259 1788 523 1834 transyressns]
568 1787 645 1821 ‘da’
688 1787 778 1822 oder
818 1787 957 1822 ‘indem

213 1846 251 1870 er
273 1864 279 1871 .
302 1836 345 1878 .’;
380 1835 454 1879 vgl.
482 1846 525 1869 zu
551 1839 612 1878 34,
644 1839 686 1869 10
712 1836 884 1870 adsecuti.

259 1884 477 1919 stationibus
491 1911 496 1917 .
511 1911 517 1917 .
531 1883 707 1928 invectus]
721 1882 957 1927 gewohnlich

213 1930 305 1964 wird
336 1931 457 1966 invehi
487 1929 577 1975 (und
609 1931 783 1973 invehere)
816 1929 887 1964 mit
917 1931 958 1964 z'n

212 1978 288 2012 und
320 1978 406 2013 Acc.
440 1977 530 2011 oder
560 1976 723 2011 blossem
754 1977 841 2011 Acc.
878 1988 957 2011 ver-

212 2025 372 2068 bunden,
399 2025 495 2059 doch
520 2024 636 2059 findet
668 2024 747 2058 sich
774 2024 869 2059 auch
893 2023 958 2058 der

212 2072 295 2107 Dat.
334 2072 440 2106 nicht
477 2072 616 2115 selten,
654 2084 681 2108 z,
715 2071 756 2105 Β.
795 2072 860 2114 23,
899 2076 956 2114 47,

213 2124 234 2154 8
254 2121 399 2164 patenti
418 2124 547 2163 portae
571 2121 759 2155 invectum.
800 2118 861 2162 44,
882 2123 914 2161 2,
936 2123 956 2153 3

211 2170 253 2203 ut
263 2168 389 2202 classis
405 2167 596 2201 invehatur
606 2167 761 2201 hostium
779 2167 955 2201 litoribus.

263 2218 316 2249 11.
350 2214 460 2259 iusto]
489 2225 515 2249 S.
543 2225 586 2247 zu
614 2218 643 2256 1,
671 2218 702 2248 3.

256 2261 458 2306 profectus]
468 2261 602 2305 gehort
615 2272 658 2294 zu
671 2261 862 2303 monuisse,
882 2259 957 2295 ‘bei

215 2309 355 2344 seinem
365 2307 558 2342 Aufbruch
573 2307 682 2351 (nach
690 2307 889 2352 Heraklea)
899 2334 906 2341 .
918 2308 955 2342 .’.

260 2367 391 2402 mayno
402 2356 518 2401 opere]
537 2354 865 2399 ‘angelegentlich,
882 2353 956 2388 ein-

215 2403 414 2448 dringlich,
434 2403 504 2437 mit
522 2403 556 2437 N
560 2402 761 2437 aclidruck'
768 2430 776 2446 ,
805 2401 875 2436 wie
896 2402 955 2444 23,

215 2455 277 2494 22,
311 2456 331 2486 5
363 2461 576 2497 maynopere
607 2451 772 2492 suadere,
805 2448 957 2483 ahnlich

215 2500 322 2534 etiam
347 2502 453 2543 atque
478 2499 587 2533 etiam
611 2508 752 2533 monere
778 2497 838 2542 29,
858 2500 915 2539 24,
936 2500 956 2530 3

214 2546 290 2579 und
317 2547 420 2580 sonst
445 2544 510 2580 oft.

264 2597 317 2628 12.
363 2594 499 2628 stamius
535 2593 654 2639 {floria
685 2592 782 2637 eius]
825 2591 957 2626 ‘benn-

215 2640 361 2684 ruhigt'
414 2640 530 2674 durch
558 2668 565 2675 .
593 2667 622 2681 .,
672 2639 958 2673 beklonimenen

215 2687 375 2722 Herzens
401 2687 461 2722 bei
487 2687 571 2721 dem
598 2686 801 2721 Gedanken
826 2697 874 2720 an
901 2713 908 2721 .
929 2701 957 2730 ,3

215 2734 290 2778 vgl.
321 2746 362 2768 zu
389 2738 445 2776 35,
472 2739 503 2770 7.

263 2782 406 2816 modum
425 2783 559 2828 facere]
584 2782 698 2816 ‘setzc
714 2780 957 2823 Schranken⁷,

215 2827 511 2873 beeintri'ichtige
563 2829 662 2863 seine
713 2827 829 2862 freien
872 2827 959 2862 Ent-

219 2874 508 2919 schliessungen.

1077 1694 1280 1738 deqenerem
1298 1692 1450 1738 Afrum]
1478 1704 1504 1727 s.
1532 1703 1574 1725 zu
1594 1695 1612 1734 ξ
1633 1695 1664 1726 5.
1703 1690 1774 1725 Die

1032 1739 1303 1785 eingeborenen
1323 1739 1520 1773 Afrikaner
1540 1738 1655 1783 (Afri)
1676 1740 1774 1772 stan-

1032 1788 1103 1822 den
1128 1787 1190 1821 bei
1223 1787 1294 1821 den
1319 1787 1555 1831 Karthagern
1586 1785 1773 1830 (Puniern)

1031 1835 1069 1868 in
1090 1834 1321 1879 geringerem
1341 1834 1493 1868 Ansehn
1513 1834 1568 1868 als
1589 1833 1648 1868 die
1664 1832 1773 1877 Liby-

1030 1882 1234 1928 phonicier.

1077 1929 1140 1974 41,
1169 1934 1198 1964 1.
1230 1929 1421 1975 enimvero]
1450 1940 1476 1964 S.
1505 1940 1548 1962 zu
1575 1931 1630 1972 18,
1656 1931 1688 1963 8.

1077 1981 1109 2011 2.
1141 1977 1355 2022 instruente]
1366 1980 1410 2012 “S.
1437 1987 1479 2009 zu
1506 1981 1538 2019 9,
1567 1979 1621 2011 13.

1077 2025 1200 2068 effusis
1224 2024 1337 2070 equis]
1369 2035 1396 2057 s.
1423 2035 1465 2057 zu
1491 2027 1547 2065 38,
1576 2027 1630 2057 11.

1077 2073 1224 2107 trecenti
1242 2083 1286 2106 esc
1298 2082 1445 2106 numero
1459 2071 1537 2116 suo]
1559 2069 1678 2104 Wofi'ir
1691 2068 1768 2105 Liv.

1029 2118 1254 2153 referierend
1291 2123 1353 2162 40,
1388 2123 1429 2153 11
1467 2118 1615 2153 trecenti
1651 2127 1772 2153 eorum

1031 2168 1125 2211 sagt,
1152 2183 1196 2195 =
1222 2167 1371 2201 trecenti
1394 2176 1438 2200 eoe
1462 2176 1501 2200 eo
1525 2175 1672 2200 numero
1699 2162 1773 2207 (fiir

1030 2219 1072 2249 tr.
1100 2224 1144 2248 σω
1169 2224 1289 2248 eorum
1315 2213 1487 2256 numero).

1077 2264 1108 2295 3.
1129 2261 1195 2294 snb
1216 2286 1223 2293 .
1240 2287 1248 2294 .
1268 2260 1376 2305 diem]
1401 2257 1656 2293 ‘unmittelbar
1675 2257 1770 2301 vor’‚

1030 2307 1124 2341 eben
1150 2317 1189 2340 so
1223 2307 1261 2350 l,
1294 2310 1355 2350 35,
1385 2310 1405 2340 2
1438 2306 1592 2340 comitiis
1622 2306 1772 2340 indietis

1029 2355 1094 2389 snb
1120 2358 1259 2398 tempus
1277 2364 1411 2398 pueros
1435 2357 1603 2388 venatmn
1628 2353 1769 2397 ablega-

1028 2403 1092 2445 vit,
1113 2401 1181 2435 wie
1197 2401 1406 2445 uberhaupt
1424 2401 1489 2436 snb
1509 2399 1579 2434 mit
1591 2399 1677 2435 Acc.
1699 2399 1770 2433 den

1031 2448 1233 2494 Zeitpunkt
1257 2447 1431 2493 angiebt,
1457 2459 1519 2481 um
1545 2447 1616 2481 den
1640 2446 1770 2480 herum

1030 2496 1119 2531 oder
1149 2495 1211 2530 bei
1242 2495 1374 2529 dessen
1398 2494 1543 2539 Beginn
1568 2495 1682 2528 etwas
1709 2503 1771 2537 ge-

1031 2542 1192 2585 schieht3
1220 2554 1258 2577 so
1283 2547 1338 2587 24,
1361 2547 1379 2576 7
1405 2543 1471 2577 snb
1496 2543 1607 2576 lucem
1634 2541 1770 2584 ‘gegen

1031 2590 1369 2635 Soimenaufgang’.
1396 2594 1428 2632 7,
1452 2594 1467 2623 1
1489 2590 1554 2623 snb
1573 2589 1658 2622 haec
1671 2588 1771 2622 clieta

1033 2637 1288 2672 ‘unmittelbar
1318 2637 1413 2671 nach
1445 2636 1571 2670 diesen
1596 2634 1766 2668 Worten’

1030 2697 1063 2720 u.
1092 2697 1124 2720 a.
1150 2697 1196 2719 m.

1078 2732 1295 2778 ableyatzmz]
1311 2732 1474 2777 (1111691116
1483 2728 1699 2764 bezeichnet
1709 2727 1770 2762 die

1033 2779 1295 2824 ‘Entfernung'
1341 2778 1441 2813 einer
1476 2777 1630 2820 Person,
1675 2775 1770 2809 ohne

1033 2827 1116 2861 dass
1145 2826 1262 2861 damit
1287 2826 1367 2860 eine
1400 2823 1623 2859 entehrende
1651 2821 1770 2857 Strafe

1032 2874 1256 2918 angedeutet
1269 2873 1360 2907 wird
1380 2872 1449 2917 (oft
1463 2888 1505 2900 =
1524 2871 1770 2906 ‘abcomman-
