1882 3163
174 138 229 181 ’78
682 139 827 174 LIBER
851 139 982 174 XXIII.
1035 138 1134 175 CAP.
1163 142 1217 175 38.
1576 156 1601 175 a.
1621 156 1652 175 u.
1672 150 1735 176 539⁴.

171 262 322 301 naves,
362 262 470 302 quae
501 247 785 289 Macedonum
826 249 952 301 atque
984 246 1225 289 Poenorum
1264 249 1411 301 captos
1450 247 1618 302 legatos
1649 247 1735 289 Ro-

173 322 288 349 mam
340 307 592 361 portabant,
643 307 696 348 ab
744 320 897 360 supero
941 306 1049 346 mari
1094 306 1147 347 ad
1192 305 1377 347 inferum
1428 306 1738 348 circumvectae

130 376 151 406 2
174 380 308 420 prope
341 380 512 407 omnem
543 365 696 407 Italiae
728 380 860 419 oram,
891 378 987 406 cum
1013 367 1183 419 praeter
1209 363 1366 406 Cumas
1391 364 1496 406 velis
1521 365 1737 406 ferrentur

172 439 320 479 neque,
345 424 534 466 hostium
561 439 617 465 an
643 424 855 466 sociorum
881 427 1036 476 essent,
1063 424 1168 464 satis
1196 423 1393 476 sciretur,
1420 422 1635 465 Gracchus
1663 424 1735 464 ob-

132 484 288 525 3viam
322 498 372 524 ex
411 483 547 525 classe
587 498 662 524 sua
699 497 831 523 naves
871 481 1002 523 misit.
1051 496 1147 524 cum
1191 482 1507 536 percunctando
1552 482 1736 523 invicem

175 543 395 597 cognitum
428 545 542 583 esset
573 542 793 583 consulem
826 539 973 582 Cumis
1013 555 1123 595 esse,
1167 556 1296 582 naves
1336 540 1492 583 Cumas
1532 541 1737 595 adpulsae

132 612 153 641 4
174 602 417 655 captivique
444 601 496 642 ad
523 601 740 642 consulem
769 599 937 641 deducti
963 601 1005 640 et
1030 600 1200 640 litterae
1228 600 1364 641 datae.
1406 600 1555 641 consul
1579 599 1739 640 litteris

175 659 364 714 Philippi
398 662 525 714 atque
558 658 818 701 Hannibalis
851 658 1051 712 perlectis
1084 659 1339 713 consignata
1365 659 1510 699 omnia
1536 658 1589 699 ad
1617 672 1737 699 sena-

135 729 155 759 5
176 722 269 760 tum
300 719 452 759 itinere
484 718 679 759 terrestri
711 717 840 770 misit,
871 717 1052 758 navibus
1086 717 1236 758 devehi
1264 717 1432 772 legatos
1458 717 1597 759 iussit.
1641 731 1739 758 cum

175 778 324 819 eodem
355 777 444 818 fere
478 777 545 818 die
576 777 745 818 litterae
770 775 986 830 legatique
1012 775 1195 817 Romam
1221 776 1439 817 venissent
1464 778 1505 817 et
1531 789 1733 830 percunc-

174 837 339 878 tatione
370 836 487 877 facta
514 836 627 877 dicta
653 850 748 877 cum
775 835 945 888 scriptis
973 838 1267 888 congruerent,
1297 835 1437 888 primo
1465 834 1609 889 gravis
1638 848 1739 875 cura

174 898 319 949 patres
346 895 533 947 incessit,
559 897 795 945 cernentes,
821 894 983 946 quanta
1008 893 1077 933 vix
1104 893 1389 934 tolerantibus
1410 893 1621 935 Punicum
1646 893 1737 934 bel-

133 965 153 996 6
173 955 263 995 lum
288 953 551 994 Macedonici
583 953 686 993 belli
718 953 852 993 moles
885 951 1079 991 instaret.
1131 951 1197 992 cui
1222 954 1370 993 tamen
1397 951 1501 993 adeo
1529 966 1617 992 non
1644 966 1738 993 suc-

176 1013 425 1065 cubuerunt,
439 1015 487 1052 ut
501 1011 715 1064 extemplo
731 1011 983 1064 agitaretur,
1003 1009 1362 1063 quemadmodum
1382 1011 1494 1051 ultro
1515 1010 1737 1051 inferendo

133 1082 152 1112 7
174 1071 290 1112 bello
330 1073 571 1111 averterent
609 1070 662 1111 ab
701 1069 831 1110 Italia
867 1068 1047 1109 hostem.
1097 1068 1280 1122 captivis
1318 1069 1363 1109 in
1401 1069 1572 1110 vincula
1610 1069 1737 1110 condi

174 1130 302 1170 iussis
336 1129 648 1182 comitibusque
682 1142 829 1169 eorum
863 1127 941 1168 sub
973 1127 1100 1168 hasta
1131 1127 1313 1168 venditis
1348 1128 1399 1168 ad
1425 1141 1556 1169 naves
1582 1127 1738 1182 viginti

174 1189 371 1243 quinque,
397 1187 552 1242 quibus
580 1187 625 1228 P.
652 1186 850 1228 Valerius
877 1185 1054 1227 Flaccus
1080 1186 1321 1239 praefectus
1348 1188 1556 1240 praeerat,
1581 1185 1739 1241 viginti

133 1258 152 1288 8
173 1249 349 1300 quinque
380 1247 522 1301 parari
554 1246 662 1287 alias
696 1245 938 1286 decernunt.
989 1244 1058 1285 his
1097 1245 1342 1299 conparatis
1382 1245 1654 1298 deductisque
1696 1247 1738 1285 et

175 1306 331 1347 additis
364 1306 551 1360 quinque
583 1305 776 1357 navibus,
808 1318 916 1357 quae
949 1303 1211 1344 advexerant
1237 1303 1431 1357 captivos
1458 1304 1637 1359 legatos,
1664 1303 1738 1344 tri-

132 1376 152 1407 9
175 1366 296 1420 ginta
315 1379 446 1405 naves
469 1365 521 1405 ab
544 1363 665 1405 Ostia
690 1363 924 1404 Tarentum
951 1362 1187 1416 profectae3
1221 1362 1446 1416 iussusque
1473 1362 1519 1404 P.
1539 1361 1737 1404 Valerius

174 1424 385 1464 militibus
407 1422 701 1475 Varronianis,
729 1422 881 1475 quibus
909 1420 954 1462 L.
980 1421 1192 1474 Apustius
1219 1421 1389 1474 legatus
1416 1421 1592 1462 Tarenti
1617 1434 1737 1475 prae-

174 1485 282 1535 erat,
327 1483 372 1522 in
416 1496 546 1522 naves
588 1481 788 1534 inpositis
827 1480 1142 1534 quinquaginta
1174 1480 1360 1534 quinque
1392 1480 1569 1520 navium
1601 1480 1738 1520 classe

173 1555 260 1581 non
291 1541 401 1581 tueri
433 1540 559 1581 modo
602 1540 756 1580 Italiae
801 1553 939 1592 oram,
985 1538 1058 1579 sed
1101 1538 1322 1591 explorare
1367 1538 1417 1579 de
1458 1538 1736 1580 Macedonico

993 1665 1048 1699 oft
1080 1665 1196 1699 durch
1230 1664 1295 1699 das
1326 1663 1509 1709 Adjektiv
1539 1664 1737 1707 „schwer“

992 1711 1296 1756 wiederzugeben
1323 1715 1393 1755 (22,
1420 1715 1477 1755 54,
1505 1713 1574 1756 10).

1040 1775 1072 1804 6.
1100 1771 1186 1805 adeo
1212 1781 1286 1804 non
1395 1770 1453 1815 ut]
1481 1786 1524 1798 =
1546 1780 1586 1804 so
1612 1769 1734 1814 wenig

991 1817 1083 1861 dass,
1113 1834 1155 1846 =
1181 1828 1256 1852 non
1281 1818 1384 1852 modo
1409 1828 1484 1852 non
1509 1845 1517 1852 .
1533 1844 1564 1851 ..
1592 1817 1662 1851 sed.

1041 1880 1072 1911 7.
1087 1876 1256 1920 captivis]
1278 1875 1371 1920 Kap.
1388 1879 1444 1919 34,
1459 1879 1491 1910 8.
1515 1874 1585 1909 Die
1599 1875 1736 1910 Romer

991 1922 1202 1957 behandeln
1222 1923 1280 1957 die
1301 1934 1373 1957 von
1397 1922 1487 1957 zwei
1505 1921 1732 1957 feindlichen

222 1669 266 1703 ab
292 1678 420 1713 supero
446 1667 558 1712 mari]
592 1666 696 1701 nicht
721 1677 841 1710 genau
876 1678 919 1700 zu

175 1716 351 1757 nehmen,
397 1715 444 1748 da
489 1714 548 1748 die
590 1712 918 1757 Gesangennahme

175 1763 279 1797 nicht
307 1762 358 1796 im
384 1761 644 1795 Adriatischen
670 1761 811 1802 Meere,
839 1770 918 1794 son-

176 1810 263 1843 dern
286 1819 332 1843 an
347 1809 412 1842 der
426 1807 619 1852 Sfidspitze
635 1818 706 1842 von
722 1806 918 1841 Calabrien

175 1856 241 1900 (im
267 1854 462 1891 Ionischen
487 1854 602 1898 Meer)
636 1854 917 1898 stattgefunden

175 1904 280 1938 hatte
307 1902 413 1947 (Kap.
442 1906 498 1944 34,
525 1904 574 1946 3).

223 1966 254 1995 2.
289 1961 482 2006 sociorum]
512 1961 617 1995 nicht
643 1960 794 2004 eigentl.
821 1960 917 1993 Bun-

176 2009 442 2053 desgenossen,
481 2008 639 2042 sondern
670 2024 713 2036 =
738 2006 917 2049 Freunde,

176 2056 229 2090 als
257 2055 464 2100 Gegensatz
490 2067 533 2088 zu
559 2055 725 2089 hostium.

223 2125 266 2148 ex
303 2115 413 2148 classe
449 2113 532 2158 sua]
572 2113 647 2148 Der
678 2112 819 2146 Konsul
853 2112 919 2145 hat

177 2161 255 2195 also
272 2161 365 2194 auch
380 2160 460 2194 eine
475 2160 609 2202 Flotte,
626 2172 686 2193 um
702 2160 761 2193 die
776 2158 918 2192 Kfisten

176 2219 248 2242 von
275 2206 502 2251 Campanien
535 2208 623 2251 (vgl.
649 2205 740 2250 Kap.
770 2209 831 2246 32,
861 2206 917 2248 18)

177 2267 221 2288 zu
254 2254 412 2292 decken,
451 2264 526 2287 was
565 2253 690 2286 frfiher
728 2252 832 2286 nicht
863 2262 917 2285 er-

176 2301 304 2335 wahnt
330 2300 463 2335 wurde.

225 2363 256 2395 3.
288 2359 455 2403 invicem]
489 2370 532 2392 zu
556 2357 829 2401 percunctando
856 2367 917 2400 ge—

178 2407 294 2471 herig,
322 2406 463 2449 „durch
489 2404 801 2448 wechselseitiges
827 2403 917 2437 Fra-

177 2465 348 2545 geiiaiae]
376 2516 420 2528 =
444 2499 616 2541 traditae,
641 2498 745 2532 nicht
771 2514 815 2525 =
840 2497 918 2531 mz-

177 2549 291 2589 ‹Zz'me,
324 2547 410 2581 weil
441 2546 542 2580 diese
573 2544 695 2579 Briefe
734 2545 838 2578 nicht
872 2555 919 2577 an

178 2595 248 2629 den
274 2593 416 2628 Konsul
443 2593 627 2637 geriehtet
653 2592 745 2626 sind.

224 2656 255 2686 4.
285 2653 414 2686 litteris
436 2651 623 2696 Philippi]
653 2650 752 2684 wohl
770 2648 918 2693 richtig,

179 2699 342 2733 obschon
369 2699 496 2732 friiher
522 2708 589 2731 nur
616 2697 674 2731 ein
695 2697 798 2731 Brief
822 2696 918 2730 Han-

178 2746 297 2780 nibals
333 2757 379 2779 an
411 2744 562 2789 Philipp
596 2743 763 2779 erwahnt
794 2743 918 2777 wurde

180 2791 284 2836 (Kal).
313 2796 368 2835 34,
397 2795 441 2834 7).

228 2855 258 2886 5.
306 2850 441 2895 primo]
495 2849 565 2884 mit
608 2847 919 2893 nachfolgendem

178 2900 296 2931 tamen
311 2899 354 2931 st.
370 2898 507 2932 deinde.
524 2917 567 2921 —
583 2897 704 2942 moles]
721 2896 918 2940 „Wucht“‚

991 1970 1167 2004 Machten
1200 1981 1247 2003 an
1279 1968 1457 2004 einander
1491 1968 1736 2013 geschichten

992 2017 1202 2051 Gesandten
1216 2017 1311 2051 ohne
1327 2017 1495 2051 weiteres
1517 2016 1572 2050 als
1586 2015 1734 2059 Kriegs-

992 2064 1209 2108 gesangene.

1039 2122 1161 2167 condi]
1201 2121 1382 2156 zuweilen
1413 2120 1628 2155 verbunden
1664 2119 1734 2153 mit

990 2169 1031 2202 in
1056 2169 1205 2203 vincula
1232 2169 1302 2211 (26,
1329 2172 1385 2208 34,
1412 2170 1465 2210 4),
1491 2168 1534 2201 in
1558 2177 1735 2201 carcerem

993 2214 1081 2259 (Cic.
1102 2214 1203 2249 Verr.
1225 2215 1268 2254 V,
1296 2217 1315 2255 ξ
1337 2218 1397 2255 76;
1424 2214 1502 2247 Liv.
1531 2217 1586 2255 26,
1613 2217 1667 2258 16,
1695 2216 1734 2256 6;

992 2266 1047 2304 30,
1075 2266 1132 2303 21,
1160 2262 1206 2305 5),
1233 2261 1295 2303 ,,111
1320 2259 1413 2295 Haft
1440 2260 1600 2295 setzen“.

1038 2321 1109 2399 vij.
1123 2321 1281 2400 qugwqute
1289 2320 1429 2400 gorumi-‘g'
1445 2318 1556 2364 alias]
1578 2319 1735 2397 quinque

991 2377 1401 2458 ffissgznffssffz‘ssigffl
1433 2376 1479 2400 ‘³¹¹
1507 2373 1638 2410 weg‘m
1697 2376 1734 2400 ΕΒ

1040 2476 1072 2506 9.
1094 2472 1137 2507 L.
1153 2471 1349 2517 Apustius]
1367 2470 1650 2505 Unterfeldherr
1670 2470 1734 2504 des

991 2519 1139 2553 Prators
1162 2519 1209 2553 M.
1227 2518 1396 2553 Valerius
1416 2518 1600 2553 Laevinus
1622 2516 1730 2561 (Kap.

993 2568 1308 2658 32,quii(,·›q)dua9ima
1344 2611 1517 2657 quinque]
1563 2610 1612 2645 Es
1651 2610 1732 2644 sind

992 2672 1060 2694 nur
1084 2664 1145 2703 503
1174 2660 1301 2694 Livius
1326 2659 1393 2694 hat
1417 2666 1625 2703 vergeaeen,
1652 2656 1732 2692 dass

992 2707 1051 2742 die
1089 2706 1174 2741 ffinf
1203 2706 1362 2755 86111116,Α
1394 2705 1535 2740 welche
1574 2704 1634 2738 die
1670 2715 1732 2748 ge-

991 2755 1176 2798 fangenen
1197 2753 1409 2788 Gesandten
1434 2751 1529 2786 nach
1549 2750 1644 2784 Rom
1670 2761 1731 2793 ge-

991 2801 1124 2835 bracht
1143 2802 1283 2843 hatten,
1303 2801 1411 2834 unter
1426 2799 1498 2833 den
1512 2801 1555 2832 25
1572 2796 1733 2832 Schiffen

992 2847 1055 2881 des
1084 2848 1120 2882 P.
1143 2847 1312 2881 Valerius
1342 2846 1479 2881 bereits
1512 2844 1733 2889 mitgez’ahlt

992 2894 1073 2928 sind
1100 2893 1204 2938 (Kap.
1233 2898 1289 2937 32,
1318 2894 1385 2936 17).
