<?xml version="1.0" encoding="UTF-8"?>
<!DOCTYPE html PUBLIC "-//W3C//DTD XHTML 1.0 Transitional//EN"
    "http://www.w3.org/TR/xhtml1/DTD/xhtml1-transitional.dtd">
<html xmlns="http://www.w3.org/1999/xhtml" xml:lang="en" lang="en">
 <head>
  <title>
</title>
<meta http-equiv="Content-Type" content="text/html;charset=utf-8" />
  <meta name='ocr-system' content='tesseract 3.04.00' />
  <meta name='ocr-capabilities' content='ocr_page ocr_carea ocr_par ocr_line ocrx_word'/>
</head>
<body>
  <div class='ocr_page' id='page_1' title='image "./aburbeconditalib21livyuoft/aburbeconditalib21livyuoft_0351.png"; bbox 0 0 1882 3163; ppageno 0'>
   <div class='ocr_carea' id='block_1_1' title="bbox 131 114 314 141">
    <p class='ocr_par' dir='ltr' id='par_1_1' title="bbox 131 114 314 141">
     <span class='ocr_line' id='line_1_1' title="bbox 131 114 314 141; baseline -0.005 0"><span class='ocrx_word' id='word_1_1' title='bbox 131 121 156 141; x_wconf 70' lang='lat' dir='ltr'>a.</span> <span class='ocrx_word' id='word_1_2' title='bbox 181 114 230 141; x_wconf 88' lang='lat' dir='ltr'>Ch.</span> <span class='ocrx_word' id='word_1_3' title='bbox 252 115 314 140; x_wconf 83' lang='lat'>215.</span> 
     </span>
    </p>
   </div>
   <div class='ocr_carea' id='block_1_2' title="bbox 600 102 1694 144">
    <p class='ocr_par' dir='ltr' id='par_1_2' title="bbox 600 102 1694 144">
     <span class='ocr_line' id='line_1_2' title="bbox 600 102 1694 144; baseline 0.005 -6"><span class='ocrx_word' id='word_1_4' title='bbox 600 103 746 139; x_wconf 80' lang='lat' dir='ltr'>LIBER</span> <span class='ocrx_word' id='word_1_5' title='bbox 771 103 903 139; x_wconf 76' lang='lat' dir='ltr'>XXIII.</span> <span class='ocrx_word' id='word_1_6' title='bbox 955 104 1057 140; x_wconf 87' lang='lat' dir='ltr'>CAP.</span> <span class='ocrx_word' id='word_1_7' title='bbox 1085 109 1141 140; x_wconf 81' lang='lat'>37.</span> <span class='ocrx_word' id='word_1_8' title='bbox 1169 108 1224 140; x_wconf 84' lang='lat'>38.</span> <span class='ocrx_word' id='word_1_9' title='bbox 1641 102 1694 144; x_wconf 80' lang='lat'>77</span> 
     </span>
    </p>
   </div>
   <div class='ocr_carea' id='block_1_3' title="bbox 131 211 1737 386">
    <p class='ocr_par' dir='ltr' id='par_1_3' title="bbox 131 211 1737 386">
     <span class='ocr_line' id='line_1_3' title="bbox 131 211 1737 267; baseline -0.002 -12"><span class='ocrx_word' id='word_1_10' title='bbox 131 214 417 256; x_wconf 86' lang='lat' dir='ltr'>coniecerunt.</span> <span class='ocrx_word' id='word_1_11' title='bbox 468 226 552 267; x_wconf 92' lang='lat' dir='ltr'>quo</span> <span class='ocrx_word' id='word_1_12' title='bbox 591 211 788 253; x_wconf 90' lang='lat' dir='ltr'>incendio</span> <span class='ocrx_word' id='word_1_13' title='bbox 826 211 995 266; x_wconf 87' lang='lat' dir='ltr'>trepida</span> <span class='ocrx_word' id='word_1_14' title='bbox 1037 214 1302 254; x_wconf 88' lang='lat' dir='ltr'>armatorum</span> <span class='ocrx_word' id='word_1_15' title='bbox 1334 211 1696 253; x_wconf 73' lang='lat' dir='ltr'>multitudocum</span> <span class='ocrx_word' id='word_1_16' title='bbox 1717 222 1737 252; x_wconf 87' lang='lat'>5</span> 
     </span>
     <span class='ocr_line' id='line_1_4' title="bbox 131 270 1697 326; baseline -0.001 -13"><span class='ocrx_word' id='word_1_17' title='bbox 131 272 182 313; x_wconf 87' lang='lat' dir='ltr'>de</span> <span class='ocrx_word' id='word_1_18' title='bbox 221 275 338 314; x_wconf 88' lang='lat' dir='ltr'>turre</span> <span class='ocrx_word' id='word_1_19' title='bbox 377 286 469 313; x_wconf 86' lang='lat' dir='ltr'>sese</span> <span class='ocrx_word' id='word_1_20' title='bbox 500 270 822 326; x_wconf 88' lang='lat' dir='ltr'>praecipitaret,</span> <span class='ocrx_word' id='word_1_21' title='bbox 868 271 1034 325; x_wconf 88' lang='lat' dir='ltr'>eruptio</span> <span class='ocrx_word' id='word_1_22' title='bbox 1075 285 1125 312; x_wconf 81' lang='lat' dir='ltr'>ex</span> <span class='ocrx_word' id='word_1_23' title='bbox 1169 271 1327 326; x_wconf 89' lang='lat' dir='ltr'>oppido</span> <span class='ocrx_word' id='word_1_24' title='bbox 1367 271 1494 312; x_wconf 92' lang='lat' dir='ltr'>simul</span> <span class='ocrx_word' id='word_1_25' title='bbox 1529 270 1697 312; x_wconf 85' lang='lat' dir='ltr'>duabus</span> 
     </span>
     <span class='ocr_line' id='line_1_5' title="bbox 131 329 1696 386; baseline -0.001 -14"><span class='ocrx_word' id='word_1_26' title='bbox 131 332 268 386; x_wconf 90' lang='lat' dir='ltr'>portis</span> <span class='ocrx_word' id='word_1_27' title='bbox 302 332 512 373; x_wconf 87' lang='lat' dir='ltr'>stationes</span> <span class='ocrx_word' id='word_1_28' title='bbox 543 330 733 372; x_wconf 86' lang='lat' dir='ltr'>hostium</span> <span class='ocrx_word' id='word_1_29' title='bbox 765 329 876 370; x_wconf 80' lang='lat' dir='ltr'>fudit</span> <span class='ocrx_word' id='word_1_30' title='bbox 907 329 1159 384; x_wconf 86' lang='lat' dir='ltr'>fugavitque</span> <span class='ocrx_word' id='word_1_31' title='bbox 1191 330 1235 371; x_wconf 92' lang='lat' dir='ltr'>in</span> <span class='ocrx_word' id='word_1_32' title='bbox 1268 332 1428 382; x_wconf 86' lang='lat' dir='ltr'>castra,</span> <span class='ocrx_word' id='word_1_33' title='bbox 1467 331 1515 370; x_wconf 92' lang='lat' dir='ltr'>ut</span> <span class='ocrx_word' id='word_1_34' title='bbox 1548 344 1597 371; x_wconf 90' lang='lat' dir='ltr'>eo</span> <span class='ocrx_word' id='word_1_35' title='bbox 1631 329 1696 370; x_wconf 92' lang='lat' dir='ltr'>die</span> 
     </span>
    </p>
   </div>
   <div class='ocr_carea' id='block_1_4' title="bbox 130 388 1311 444">
    <p class='ocr_par' dir='ltr' id='par_1_4' title="bbox 130 388 1311 444">
     <span class='ocr_line' id='line_1_6' title="bbox 130 388 1311 444; baseline -0.002 -12"><span class='ocrx_word' id='word_1_36' title='bbox 130 391 306 432; x_wconf 84' lang='lat' dir='ltr'>obsesso</span> <span class='ocrx_word' id='word_1_37' title='bbox 344 405 472 444; x_wconf 89' lang='lat' dir='ltr'>quam</span> <span class='ocrx_word' id='word_1_38' title='bbox 511 388 723 431; x_wconf 77' lang='lat' dir='ltr'>obsidenti</span> <span class='ocrx_word' id='word_1_39' title='bbox 762 388 943 429; x_wconf 84' lang='lat' dir='ltr'>similior</span> <span class='ocrx_word' id='word_1_40' title='bbox 981 392 1093 429; x_wconf 88' lang='lat' dir='ltr'>esset</span> <span class='ocrx_word' id='word_1_41' title='bbox 1130 388 1311 431; x_wconf 79' lang='lat' dir='ltr'>Poenus,</span> 
     </span>
    </p>
   </div>
   <div class='ocr_carea' id='block_1_5' title="bbox 1369 389 1736 430">
    <p class='ocr_par' dir='ltr' id='par_1_5' title="bbox 1369 389 1736 430">
     <span class='ocr_line' id='line_1_7' title="bbox 1369 389 1736 430; baseline 0 -1"><span class='ocrx_word' id='word_1_42' title='bbox 1369 389 1421 429; x_wconf 90' lang='lat' dir='ltr'>ad</span> <span class='ocrx_word' id='word_1_43' title='bbox 1459 389 1575 430; x_wconf 92' lang='lat' dir='ltr'>mille</span> <span class='ocrx_word' id='word_1_44' title='bbox 1614 391 1695 429; x_wconf 87' lang='lat' dir='ltr'>tre·</span> <span class='ocrx_word' id='word_1_45' title='bbox 1717 398 1736 429; x_wconf 90' lang='lat'>6</span> 
     </span>
    </p>
   </div>
   <div class='ocr_carea' id='block_1_6' title="bbox 135 447 1697 503">
    <p class='ocr_par' dir='ltr' id='par_1_6' title="bbox 135 447 1697 503">
     <span class='ocr_line' id='line_1_8' title="bbox 135 447 1697 503; baseline -0.002 -12"><span class='ocrx_word' id='word_1_46' title='bbox 135 450 249 491; x_wconf 90' lang='lat' dir='ltr'>centi</span> <span class='ocrx_word' id='word_1_47' title='bbox 282 448 705 503; x_wconf 80' lang='lat' dir='ltr'>Carthaginiensium</span> <span class='ocrx_word' id='word_1_48' title='bbox 740 447 853 488; x_wconf 88' lang='lat' dir='ltr'>caesi</span> <span class='ocrx_word' id='word_1_49' title='bbox 886 450 928 488; x_wconf 86' lang='lat' dir='ltr'>et</span> <span class='ocrx_word' id='word_1_50' title='bbox 959 447 1302 502; x_wconf 75' lang='lat' dir='ltr'>undesexaginta</span> <span class='ocrx_word' id='word_1_51' title='bbox 1334 448 1419 489; x_wconf 83' lang='lat' dir='ltr'>vivi</span> <span class='ocrx_word' id='word_1_52' title='bbox 1452 447 1585 501; x_wconf 89' lang='lat' dir='ltr'>capti,</span> <span class='ocrx_word' id='word_1_53' title='bbox 1625 447 1697 502; x_wconf 88' lang='lat' dir='ltr'>qui</span> 
     </span>
    </p>
   </div>
   <div class='ocr_carea' id='block_1_7' title="bbox 130 506 1696 619">
    <p class='ocr_par' dir='ltr' id='par_1_7' title="bbox 130 506 1696 619">
     <span class='ocr_line' id='line_1_9' title="bbox 132 506 1696 561; baseline -0.002 -11"><span class='ocrx_word' id='word_1_54' title='bbox 132 508 242 550; x_wconf 89' lang='lat' dir='ltr'>circa</span> <span class='ocrx_word' id='word_1_55' title='bbox 280 522 425 549; x_wconf 90' lang='lat' dir='ltr'>muros</span> <span class='ocrx_word' id='word_1_56' title='bbox 465 509 507 548; x_wconf 90' lang='lat' dir='ltr'>et</span> <span class='ocrx_word' id='word_1_57' title='bbox 545 507 591 548; x_wconf 88' lang='lat' dir='ltr'>in</span> <span class='ocrx_word' id='word_1_58' title='bbox 629 506 888 548; x_wconf 87' lang='lat' dir='ltr'>stationibus</span> <span class='ocrx_word' id='word_1_59' title='bbox 922 506 1060 548; x_wconf 89' lang='lat' dir='ltr'>solute</span> <span class='ocrx_word' id='word_1_60' title='bbox 1099 520 1147 547; x_wconf 88' lang='lat' dir='ltr'>ac</span> <span class='ocrx_word' id='word_1_61' title='bbox 1185 506 1462 561; x_wconf 81' lang='lat' dir='ltr'>neglegenter</span> <span class='ocrx_word' id='word_1_62' title='bbox 1505 508 1696 561; x_wconf 78' lang='lat' dir='ltr'>agentes,</span> 
     </span>
     <span class='ocr_line' id='line_1_10' title="bbox 130 564 1696 619; baseline -0.002 -11"><span class='ocrx_word' id='word_1_63' title='bbox 130 582 225 609; x_wconf 91' lang='lat' dir='ltr'>cum</span> <span class='ocrx_word' id='word_1_64' title='bbox 267 567 378 608; x_wconf 90' lang='lat' dir='ltr'>nihil</span> <span class='ocrx_word' id='word_1_65' title='bbox 417 566 558 607; x_wconf 86' lang='lat' dir='ltr'>minus</span> <span class='ocrx_word' id='word_1_66' title='bbox 599 580 727 619; x_wconf 89' lang='lat' dir='ltr'>quam</span> <span class='ocrx_word' id='word_1_67' title='bbox 766 565 1034 619; x_wconf 83' lang='lat' dir='ltr'>eruptionem</span> <span class='ocrx_word' id='word_1_68' title='bbox 1072 564 1338 618; x_wconf 82' lang='lat' dir='ltr'>timuissent,</span> <span class='ocrx_word' id='word_1_69' title='bbox 1384 579 1433 606; x_wconf 81' lang='lat' dir='ltr'>ex</span> <span class='ocrx_word' id='word_1_70' title='bbox 1477 565 1696 618; x_wconf 88' lang='lat' dir='ltr'>inproviso</span> 
     </span>
    </p>
   </div>
   <div class='ocr_carea' id='block_1_8' title="bbox 132 625 539 680">
    <p class='ocr_par' dir='ltr' id='par_1_8' title="bbox 132 625 539 680">
     <span class='ocr_line' id='line_1_11' title="bbox 132 625 539 680; baseline -0.005 -13"><span class='ocrx_word' id='word_1_71' title='bbox 132 625 327 680; x_wconf 88' lang='lat' dir='ltr'>oppressi</span> <span class='ocrx_word' id='word_1_72' title='bbox 357 625 539 666; x_wconf 82' lang='lat' dir='ltr'>fuerant.</span> 
     </span>
    </p>
   </div>
   <div class='ocr_carea' id='block_1_9' title="bbox 589 623 1736 678">
    <p class='ocr_par' dir='ltr' id='par_1_9' title="bbox 589 623 1736 678">
     <span class='ocr_line' id='line_1_12' title="bbox 589 623 1736 678; baseline -0.001 -13"><span class='ocrx_word' id='word_1_73' title='bbox 589 623 819 678; x_wconf 79' lang='lat' dir='ltr'>Gracchus,</span> <span class='ocrx_word' id='word_1_74' title='bbox 851 624 1103 678; x_wconf 83' lang='lat' dir='ltr'>priusquam</span> <span class='ocrx_word' id='word_1_75' title='bbox 1138 637 1181 664; x_wconf 88' lang='lat' dir='ltr'>se</span> <span class='ocrx_word' id='word_1_76' title='bbox 1213 623 1360 665; x_wconf 86' lang='lat' dir='ltr'>hostes</span> <span class='ocrx_word' id='word_1_77' title='bbox 1394 624 1446 664; x_wconf 88' lang='lat' dir='ltr'>ab</span> <span class='ocrx_word' id='word_1_78' title='bbox 1473 624 1695 678; x_wconf 90' lang='lat' dir='ltr'>repentino</span> <span class='ocrx_word' id='word_1_79' title='bbox 1717 634 1736 665; x_wconf 82' lang='grc'><strong>7</strong></span> 
     </span>
    </p>
   </div>
   <div class='ocr_carea' id='block_1_10' title="bbox 127 682 1736 973">
    <p class='ocr_par' dir='ltr' id='par_1_10' title="bbox 127 682 1736 973">
     <span class='ocr_line' id='line_1_13' title="bbox 128 682 1694 739; baseline -0.001 -14"><span class='ocrx_word' id='word_1_80' title='bbox 128 698 287 739; x_wconf 83' lang='lat' dir='ltr'>pavore</span> <span class='ocrx_word' id='word_1_81' title='bbox 320 684 583 738; x_wconf 80' lang='lat' dir='ltr'>colligerent,</span> <span class='ocrx_word' id='word_1_82' title='bbox 614 683 804 737; x_wconf 86' lang='lat' dir='ltr'>receptui</span> <span class='ocrx_word' id='word_1_83' title='bbox 837 683 1010 738; x_wconf 88' lang='lat' dir='ltr'>signum</span> <span class='ocrx_word' id='word_1_84' title='bbox 1042 682 1158 723; x_wconf 85' lang='lat' dir='ltr'>dedit</span> <span class='ocrx_word' id='word_1_85' title='bbox 1191 697 1239 724; x_wconf 89' lang='lat' dir='ltr'>ac</span> <span class='ocrx_word' id='word_1_86' title='bbox 1272 696 1371 723; x_wconf 86' lang='lat' dir='ltr'>suos</span> <span class='ocrx_word' id='word_1_87' title='bbox 1403 682 1518 723; x_wconf 87' lang='lat' dir='ltr'>intra</span> <span class='ocrx_word' id='word_1_88' title='bbox 1551 697 1694 724; x_wconf 87' lang='lat' dir='ltr'>muros</span> 
     </span>
     <span class='ocr_line' id='line_1_14' title="bbox 129 741 1736 798; baseline -0.002 -14"><span class='ocrx_word' id='word_1_89' title='bbox 129 744 303 797; x_wconf 90' lang='lat' dir='ltr'>recepit.</span> <span class='ocrx_word' id='word_1_90' title='bbox 353 745 526 798; x_wconf 90' lang='lat' dir='ltr'>postero</span> <span class='ocrx_word' id='word_1_91' title='bbox 560 742 626 783; x_wconf 92' lang='lat' dir='ltr'>die</span> <span class='ocrx_word' id='word_1_92' title='bbox 663 741 903 796; x_wconf 85' lang='lat' dir='ltr'>Hannibal,</span> <span class='ocrx_word' id='word_1_93' title='bbox 947 742 1112 782; x_wconf 88' lang='lat' dir='ltr'>laetum</span> <span class='ocrx_word' id='word_1_94' title='bbox 1158 741 1342 783; x_wconf 88' lang='lat' dir='ltr'>secunda</span> <span class='ocrx_word' id='word_1_95' title='bbox 1386 755 1431 782; x_wconf 89' lang='lat' dir='ltr'>re</span> <span class='ocrx_word' id='word_1_96' title='bbox 1478 741 1736 782; x_wconf 85' lang='lat' dir='ltr'>consulem8</span> 
     </span>
     <span class='ocr_line' id='line_1_15' title="bbox 127 800 1696 856; baseline -0.003 -12"><span class='ocrx_word' id='word_1_97' title='bbox 127 802 242 844; x_wconf 88' lang='lat' dir='ltr'>iusto</span> <span class='ocrx_word' id='word_1_98' title='bbox 274 802 437 856; x_wconf 91' lang='lat' dir='ltr'>proelio</span> <span class='ocrx_word' id='word_1_99' title='bbox 470 804 588 842; x_wconf 87' lang='lat' dir='ltr'>ratus</span> <span class='ocrx_word' id='word_1_100' title='bbox 616 803 890 855; x_wconf 79' lang='lat' dir='ltr'>certaturum,</span> <span class='ocrx_word' id='word_1_101' title='bbox 923 801 1058 842; x_wconf 81' lang='lat' dir='ltr'>aciem</span> <span class='ocrx_word' id='word_1_102' title='bbox 1083 801 1195 842; x_wconf 90' lang='lat' dir='ltr'>inter</span> <span class='ocrx_word' id='word_1_103' title='bbox 1222 802 1365 841; x_wconf 88' lang='lat' dir='ltr'>castra</span> <span class='ocrx_word' id='word_1_104' title='bbox 1391 804 1518 854; x_wconf 87' lang='lat' dir='ltr'>atque</span> <span class='ocrx_word' id='word_1_105' title='bbox 1544 800 1696 840; x_wconf 90' lang='lat' dir='ltr'>urbem</span> 
     </span>
     <span class='ocr_line' id='line_1_16' title="bbox 129 859 1736 914; baseline -0.002 -12"><span class='ocrx_word' id='word_1_106' title='bbox 129 861 352 910; x_wconf 83' lang='lat' dir='ltr'>instruxit3</span> <span class='ocrx_word' id='word_1_107' title='bbox 397 862 583 902; x_wconf 88' lang='lat' dir='ltr'>ceterum</span> <span class='ocrx_word' id='word_1_108' title='bbox 615 863 846 914; x_wconf 90' lang='lat' dir='ltr'>postquam</span> <span class='ocrx_word' id='word_1_109' title='bbox 878 860 1093 901; x_wconf 89' lang='lat' dir='ltr'>neminem</span> <span class='ocrx_word' id='word_1_110' title='bbox 1126 859 1289 900; x_wconf 82' lang='lat' dir='ltr'>moveri</span> <span class='ocrx_word' id='word_1_111' title='bbox 1321 859 1374 900; x_wconf 87' lang='lat' dir='ltr'>ab</span> <span class='ocrx_word' id='word_1_112' title='bbox 1402 859 1529 900; x_wconf 86' lang='lat' dir='ltr'>solita</span> <span class='ocrx_word' id='word_1_113' title='bbox 1557 861 1696 899; x_wconf 87' lang='lat' dir='ltr'>custo·</span> <span class='ocrx_word' id='word_1_114' title='bbox 1717 868 1736 899; x_wconf 86' lang='lat'>9</span> 
     </span>
     <span class='ocr_line' id='line_1_17' title="bbox 128 917 1698 973; baseline -0.002 -12"><span class='ocrx_word' id='word_1_115' title='bbox 128 920 199 961; x_wconf 86' lang='lat' dir='ltr'>dia</span> <span class='ocrx_word' id='word_1_116' title='bbox 242 920 360 961; x_wconf 89' lang='lat' dir='ltr'>urbis</span> <span class='ocrx_word' id='word_1_117' title='bbox 404 919 511 961; x_wconf 84' lang='lat' dir='ltr'>vidit</span> <span class='ocrx_word' id='word_1_118' title='bbox 553 933 630 960; x_wconf 90' lang='lat' dir='ltr'>nec</span> <span class='ocrx_word' id='word_1_119' title='bbox 676 919 888 960; x_wconf 89' lang='lat' dir='ltr'>committi</span> <span class='ocrx_word' id='word_1_120' title='bbox 932 919 1161 973; x_wconf 90' lang='lat' dir='ltr'>quicquam</span> <span class='ocrx_word' id='word_1_121' title='bbox 1200 917 1451 959; x_wconf 86' lang='lat' dir='ltr'>temerariae</span> <span class='ocrx_word' id='word_1_122' title='bbox 1494 917 1601 972; x_wconf 86' lang='lat' dir='ltr'>spei,</span> <span class='ocrx_word' id='word_1_123' title='bbox 1645 917 1698 958; x_wconf 90' lang='lat' dir='ltr'>ad</span> 
     </span>
    </p>
   </div>
   <div class='ocr_carea' id='block_1_11' title="bbox 128 978 691 1020">
    <p class='ocr_par' dir='ltr' id='par_1_11' title="bbox 128 978 691 1020">
     <span class='ocr_line' id='line_1_18' title="bbox 128 978 691 1020; baseline -0.004 0"><span class='ocrx_word' id='word_1_124' title='bbox 128 978 273 1020; x_wconf 82' lang='lat' dir='ltr'>Tifata</span> <span class='ocrx_word' id='word_1_125' title='bbox 303 979 413 1020; x_wconf 87' lang='lat' dir='ltr'>redit</span> <span class='ocrx_word' id='word_1_126' title='bbox 444 978 603 1020; x_wconf 84' lang='lat' dir='ltr'>infecta</span> <span class='ocrx_word' id='word_1_127' title='bbox 635 992 691 1019; x_wconf 89' lang='lat' dir='ltr'>re.</span> 
     </span>
    </p>
   </div>
   <div class='ocr_carea' id='block_1_12' title="bbox 248 1034 1756 1087">
    <p class='ocr_par' dir='ltr' id='par_1_12' title="bbox 248 1034 1756 1087">
     <span class='ocr_line' id='line_1_19' title="bbox 248 1034 1756 1087; baseline -0.003 -8"><span class='ocrx_word' id='word_1_128' title='bbox 248 1037 411 1087; x_wconf 83' lang='lat' dir='ltr'>Quibus</span> <span class='ocrx_word' id='word_1_129' title='bbox 445 1038 592 1078; x_wconf 89' lang='lat' dir='ltr'>diebus</span> <span class='ocrx_word' id='word_1_130' title='bbox 619 1036 778 1078; x_wconf 85' lang='lat' dir='ltr'>Cumae</span> <span class='ocrx_word' id='word_1_131' title='bbox 810 1036 1018 1078; x_wconf 87' lang='lat' dir='ltr'>liberatae</span> <span class='ocrx_word' id='word_1_132' title='bbox 1045 1039 1146 1077; x_wconf 90' lang='lat' dir='ltr'>sunt</span> <span class='ocrx_word' id='word_1_133' title='bbox 1173 1036 1410 1087; x_wconf 81' lang='lat' dir='ltr'>obsidione,</span> <span class='ocrx_word' id='word_1_134' title='bbox 1442 1035 1577 1076; x_wconf 89' lang='lat' dir='ltr'>isdem</span> <span class='ocrx_word' id='word_1_135' title='bbox 1611 1034 1696 1075; x_wconf 89' lang='lat' dir='ltr'>die·</span> <span class='ocrx_word' id='word_1_136' title='bbox 1713 1045 1756 1075; x_wconf 88' lang='lat'>10</span> 
     </span>
    </p>
   </div>
   <div class='ocr_carea' id='block_1_13' title="bbox 126 1092 1753 1562">
    <p class='ocr_par' dir='ltr' id='par_1_13' title="bbox 126 1092 1753 1562">
     <span class='ocr_line' id='line_1_20' title="bbox 128 1092 1694 1149; baseline -0.003 -11"><span class='ocrx_word' id='word_1_137' title='bbox 128 1097 207 1138; x_wconf 89' lang='lat' dir='ltr'>bus</span> <span class='ocrx_word' id='word_1_138' title='bbox 241 1100 282 1138; x_wconf 89' lang='lat' dir='ltr'>et</span> <span class='ocrx_word' id='word_1_139' title='bbox 313 1097 359 1137; x_wconf 90' lang='lat' dir='ltr'>in</span> <span class='ocrx_word' id='word_1_140' title='bbox 389 1096 573 1137; x_wconf 90' lang='lat' dir='ltr'>Lucanis</span> <span class='ocrx_word' id='word_1_141' title='bbox 607 1095 657 1136; x_wconf 87' lang='lat' dir='ltr'>ad</span> <span class='ocrx_word' id='word_1_142' title='bbox 691 1095 974 1136; x_wconf 86' lang='lat' dir='ltr'>Grumentum</span> <span class='ocrx_word' id='word_1_143' title='bbox 1007 1095 1070 1137; x_wconf 88' lang='lat' dir='ltr'>Ti.</span> <span class='ocrx_word' id='word_1_144' title='bbox 1104 1094 1404 1149; x_wconf 83' lang='lat' dir='ltr'>Sempronius,</span> <span class='ocrx_word' id='word_1_145' title='bbox 1445 1094 1513 1135; x_wconf 93' lang='lat' dir='ltr'>cui</span> <span class='ocrx_word' id='word_1_146' title='bbox 1544 1092 1694 1149; x_wconf 90' lang='lat' dir='ltr'>Longo</span> 
     </span>
     <span class='ocr_line' id='line_1_21' title="bbox 128 1154 1753 1211; baseline -0.002 -14"><span class='ocrx_word' id='word_1_147' title='bbox 128 1169 368 1211; x_wconf 89' lang='lat' dir='ltr'>cognomen</span> <span class='ocrx_word' id='word_1_148' title='bbox 400 1158 508 1208; x_wconf 90' lang='lat' dir='ltr'>erat,</span> <span class='ocrx_word' id='word_1_149' title='bbox 547 1170 643 1196; x_wconf 90' lang='lat' dir='ltr'>cum</span> <span class='ocrx_word' id='word_1_150' title='bbox 675 1154 887 1196; x_wconf 90' lang='lat' dir='ltr'>Hannone</span> <span class='ocrx_word' id='word_1_151' title='bbox 919 1154 1063 1195; x_wconf 90' lang='lat' dir='ltr'>Poeno</span> <span class='ocrx_word' id='word_1_152' title='bbox 1102 1168 1304 1207; x_wconf 86' lang='lat' dir='ltr'>prospere</span> <span class='ocrx_word' id='word_1_153' title='bbox 1336 1155 1514 1207; x_wconf 91' lang='lat' dir='ltr'>pugnat.</span> <span class='ocrx_word' id='word_1_154' title='bbox 1567 1167 1696 1206; x_wconf 86' lang='lat' dir='ltr'>supra</span> <span class='ocrx_word' id='word_1_155' title='bbox 1713 1163 1753 1193; x_wconf 87' lang='grc'>11</span> 
     </span>
     <span class='ocr_line' id='line_1_22' title="bbox 129 1211 1693 1267; baseline -0.003 -12"><span class='ocrx_word' id='word_1_156' title='bbox 129 1214 212 1256; x_wconf 90' lang='lat' dir='ltr'>duo</span> <span class='ocrx_word' id='word_1_157' title='bbox 246 1214 365 1255; x_wconf 86' lang='lat' dir='ltr'>milia</span> <span class='ocrx_word' id='word_1_158' title='bbox 395 1214 621 1255; x_wconf 88' lang='lat' dir='ltr'>hominum</span> <span class='ocrx_word' id='word_1_159' title='bbox 654 1213 821 1266; x_wconf 90' lang='lat' dir='ltr'>occidit,</span> <span class='ocrx_word' id='word_1_160' title='bbox 853 1216 895 1254; x_wconf 92' lang='lat' dir='ltr'>et</span> <span class='ocrx_word' id='word_1_161' title='bbox 921 1213 1124 1254; x_wconf 89' lang='lat' dir='ltr'>ducentos</span> <span class='ocrx_word' id='word_1_162' title='bbox 1152 1213 1374 1267; x_wconf 87' lang='lat' dir='ltr'>octoginta</span> <span class='ocrx_word' id='word_1_163' title='bbox 1401 1212 1559 1252; x_wconf 87' lang='lat' dir='ltr'>milites</span> <span class='ocrx_word' id='word_1_164' title='bbox 1588 1211 1693 1252; x_wconf 81' lang='lat' dir='ltr'>ami—</span> 
     </span>
     <span class='ocr_line' id='line_1_23' title="bbox 129 1270 1694 1328; baseline -0.003 -14"><span class='ocrx_word' id='word_1_165' title='bbox 129 1274 203 1327; x_wconf 76' lang='lat' dir='ltr'>sit3</span> <span class='ocrx_word' id='word_1_166' title='bbox 238 1273 362 1328; x_wconf 88' lang='lat' dir='ltr'>signa</span> <span class='ocrx_word' id='word_1_167' title='bbox 394 1273 601 1313; x_wconf 87' lang='lat' dir='ltr'>militaria</span> <span class='ocrx_word' id='word_1_168' title='bbox 633 1272 687 1313; x_wconf 88' lang='lat' dir='ltr'>ad</span> <span class='ocrx_word' id='word_1_169' title='bbox 719 1272 1003 1326; x_wconf 88' lang='lat' dir='ltr'>quadraginta</span> <span class='ocrx_word' id='word_1_170' title='bbox 1029 1287 1162 1312; x_wconf 92' lang='lat' dir='ltr'>unum</span> <span class='ocrx_word' id='word_1_171' title='bbox 1189 1272 1313 1325; x_wconf 89' lang='lat' dir='ltr'>cepit.</span> <span class='ocrx_word' id='word_1_172' title='bbox 1361 1271 1509 1325; x_wconf 86' lang='lat' dir='ltr'>pulsus</span> <span class='ocrx_word' id='word_1_173' title='bbox 1536 1270 1694 1311; x_wconf 89' lang='lat' dir='ltr'>finibus</span> 
     </span>
     <span class='ocr_line' id='line_1_24' title="bbox 126 1328 1753 1384; baseline -0.002 -11"><span class='ocrx_word' id='word_1_174' title='bbox 126 1331 312 1373; x_wconf 88' lang='lat' dir='ltr'>Lucanis</span> <span class='ocrx_word' id='word_1_175' title='bbox 346 1331 502 1372; x_wconf 90' lang='lat' dir='ltr'>Hanno</span> <span class='ocrx_word' id='word_1_176' title='bbox 534 1333 649 1372; x_wconf 87' lang='lat' dir='ltr'>retro</span> <span class='ocrx_word' id='word_1_177' title='bbox 682 1331 726 1371; x_wconf 92' lang='lat' dir='ltr'>in</span> <span class='ocrx_word' id='word_1_178' title='bbox 759 1331 952 1372; x_wconf 89' lang='lat' dir='ltr'>Bruttios</span> <span class='ocrx_word' id='word_1_179' title='bbox 993 1345 1083 1372; x_wconf 85' lang='lat' dir='ltr'>sese</span> <span class='ocrx_word' id='word_1_180' title='bbox 1121 1331 1290 1384; x_wconf 89' lang='lat' dir='ltr'>recepit.</span> <span class='ocrx_word' id='word_1_181' title='bbox 1341 1333 1383 1370; x_wconf 90' lang='lat' dir='ltr'>et</span> <span class='ocrx_word' id='word_1_182' title='bbox 1415 1344 1465 1370; x_wconf 81' lang='lat' dir='ltr'>ex</span> <span class='ocrx_word' id='word_1_183' title='bbox 1497 1328 1693 1383; x_wconf 88' lang='lat' dir='ltr'>Hirpinis</span> <span class='ocrx_word' id='word_1_184' title='bbox 1711 1340 1753 1370; x_wconf 79' lang='lat'>12</span> 
     </span>
     <span class='ocr_line' id='line_1_25' title="bbox 128 1389 1693 1445; baseline -0.003 -12"><span class='ocrx_word' id='word_1_185' title='bbox 128 1390 288 1445; x_wconf 83' lang='lat' dir='ltr'>oppida</span> <span class='ocrx_word' id='word_1_186' title='bbox 319 1391 416 1443; x_wconf 84' lang='lat' dir='ltr'>tria,</span> <span class='ocrx_word' id='word_1_187' title='bbox 450 1404 558 1445; x_wconf 85' lang='lat' dir='ltr'>quae</span> <span class='ocrx_word' id='word_1_188' title='bbox 586 1406 610 1431; x_wconf 90' lang='lat' dir='ltr'>a</span> <span class='ocrx_word' id='word_1_189' title='bbox 641 1390 801 1444; x_wconf 90' lang='lat' dir='ltr'>populo</span> <span class='ocrx_word' id='word_1_190' title='bbox 835 1389 1030 1431; x_wconf 83' lang='lat' dir='ltr'>Romano</span> <span class='ocrx_word' id='word_1_191' title='bbox 1064 1389 1320 1442; x_wconf 82' lang='lat' dir='ltr'>defecerant,</span> <span class='ocrx_word' id='word_1_192' title='bbox 1352 1389 1394 1429; x_wconf 84' lang='lat' dir='ltr'>vi</span> <span class='ocrx_word' id='word_1_193' title='bbox 1420 1391 1591 1442; x_wconf 88' lang='lat' dir='ltr'>recepta</span> <span class='ocrx_word' id='word_1_194' title='bbox 1617 1402 1693 1442; x_wconf 91' lang='lat' dir='ltr'>per</span> 
     </span>
     <span class='ocr_line' id='line_1_26' title="bbox 129 1446 1697 1503; baseline -0.003 -12"><span class='ocrx_word' id='word_1_195' title='bbox 129 1449 185 1491; x_wconf 90' lang='lat' dir='ltr'>M.</span> <span class='ocrx_word' id='word_1_196' title='bbox 218 1449 439 1491; x_wconf 87' lang='lat' dir='ltr'>Valerium</span> <span class='ocrx_word' id='word_1_197' title='bbox 477 1451 737 1503; x_wconf 88' lang='lat' dir='ltr'>praetorem,</span> <span class='ocrx_word' id='word_1_198' title='bbox 777 1448 1035 1489; x_wconf 86' lang='lat' dir='ltr'>Vercellium</span> <span class='ocrx_word' id='word_1_199' title='bbox 1067 1448 1327 1489; x_wconf 84' lang='lat' dir='ltr'>Vescellium</span> <span class='ocrx_word' id='word_1_200' title='bbox 1367 1446 1609 1501; x_wconf 81' lang='lat' dir='ltr'>Sicilinum,</span> <span class='ocrx_word' id='word_1_201' title='bbox 1655 1449 1697 1487; x_wconf 87' lang='lat' dir='ltr'>et</span> 
     </span>
     <span class='ocr_line' id='line_1_27' title="bbox 131 1506 1696 1562; baseline -0.003 -12"><span class='ocrx_word' id='word_1_202' title='bbox 131 1511 325 1551; x_wconf 88' lang='lat' dir='ltr'>auctores</span> <span class='ocrx_word' id='word_1_203' title='bbox 356 1508 605 1550; x_wconf 87' lang='lat' dir='ltr'>defectionis</span> <span class='ocrx_word' id='word_1_204' title='bbox 633 1508 769 1549; x_wconf 87' lang='lat' dir='ltr'>securi</span> <span class='ocrx_word' id='word_1_205' title='bbox 795 1508 997 1562; x_wconf 86' lang='lat' dir='ltr'>percussi.</span> <span class='ocrx_word' id='word_1_206' title='bbox 1049 1521 1177 1561; x_wconf 87' lang='lat' dir='ltr'>supra</span> <span class='ocrx_word' id='word_1_207' title='bbox 1204 1507 1391 1561; x_wconf 91' lang='lat' dir='ltr'>quinque</span> <span class='ocrx_word' id='word_1_208' title='bbox 1418 1506 1538 1546; x_wconf 88' lang='lat' dir='ltr'>milia</span> <span class='ocrx_word' id='word_1_209' title='bbox 1565 1506 1696 1559; x_wconf 89' lang='lat' dir='ltr'>capti-</span> 
     </span>
    </p>
   </div>
   <div class='ocr_carea' id='block_1_14' title="bbox 129 1566 1753 1621">
    <p class='ocr_par' dir='ltr' id='par_1_14' title="bbox 129 1566 1753 1621">
     <span class='ocr_line' id='line_1_28' title="bbox 129 1566 1753 1621; baseline -0.001 -13"><span class='ocrx_word' id='word_1_210' title='bbox 129 1582 280 1609; x_wconf 86' lang='lat' dir='ltr'>vorum</span> <span class='ocrx_word' id='word_1_211' title='bbox 314 1567 392 1608; x_wconf 91' lang='lat' dir='ltr'>sub</span> <span class='ocrx_word' id='word_1_212' title='bbox 424 1567 551 1608; x_wconf 87' lang='lat' dir='ltr'>hasta</span> <span class='ocrx_word' id='word_1_213' title='bbox 582 1567 826 1621; x_wconf 67' lang='lat' dir='ltr'>venierunt,</span> <span class='ocrx_word' id='word_1_214' title='bbox 857 1567 1016 1621; x_wconf 88' lang='lat' dir='ltr'>praeda</span> <span class='ocrx_word' id='word_1_215' title='bbox 1049 1567 1133 1607; x_wconf 86' lang='lat' dir='ltr'>alia</span> <span class='ocrx_word' id='word_1_216' title='bbox 1166 1566 1293 1607; x_wconf 86' lang='lat' dir='ltr'>militi</span> <span class='ocrx_word' id='word_1_217' title='bbox 1326 1579 1540 1618; x_wconf 70' lang='lat' dir='ltr'>concessa,</span> <span class='ocrx_word' id='word_1_218' title='bbox 1574 1578 1691 1605; x_wconf 79' lang='lat' dir='ltr'>exer-</span> <span class='ocrx_word' id='word_1_219' title='bbox 1713 1576 1753 1606; x_wconf 89' lang='lat'>13</span> 
     </span>
    </p>
   </div>
   <div class='ocr_carea' id='block_1_15' title="bbox 128 1625 823 1680">
    <p class='ocr_par' dir='ltr' id='par_1_15' title="bbox 128 1625 823 1680">
     <span class='ocr_line' id='line_1_29' title="bbox 128 1625 823 1680; baseline -0.001 -13"><span class='ocrx_word' id='word_1_220' title='bbox 128 1627 321 1680; x_wconf 88' lang='lat' dir='ltr'>citusque</span> <span class='ocrx_word' id='word_1_221' title='bbox 354 1625 579 1667; x_wconf 89' lang='lat' dir='ltr'>Luceriam</span> <span class='ocrx_word' id='word_1_222' title='bbox 610 1625 823 1667; x_wconf 86' lang='lat' dir='ltr'>reductus.</span> 
     </span>
    </p>
   </div>
   <div class='ocr_carea' id='block_1_16' title="bbox 246 1682 1764 1738">
    <p class='ocr_par' dir='ltr' id='par_1_16' title="bbox 246 1682 1764 1738">
     <span class='ocr_line' id='line_1_30' title="bbox 246 1682 1764 1738; baseline -0.001 -12"><span class='ocrx_word' id='word_1_223' title='bbox 246 1684 363 1726; x_wconf 90' lang='lat' dir='ltr'>Dum</span> <span class='ocrx_word' id='word_1_224' title='bbox 395 1685 499 1726; x_wconf 88' lang='lat' dir='ltr'>haec</span> <span class='ocrx_word' id='word_1_225' title='bbox 532 1685 576 1726; x_wconf 88' lang='lat' dir='ltr'>in</span> <span class='ocrx_word' id='word_1_226' title='bbox 602 1685 788 1726; x_wconf 88' lang='lat' dir='ltr'>Lucanis</span> <span class='ocrx_word' id='word_1_227' title='bbox 817 1687 944 1738; x_wconf 87' lang='lat' dir='ltr'>atque</span> <span class='ocrx_word' id='word_1_228' title='bbox 970 1685 1014 1725; x_wconf 91' lang='lat' dir='ltr'>in</span> <span class='ocrx_word' id='word_1_229' title='bbox 1040 1683 1234 1738; x_wconf 85' lang='lat' dir='ltr'>Hirpinis</span> <span class='ocrx_word' id='word_1_230' title='bbox 1262 1685 1479 1738; x_wconf 87' lang='lat' dir='ltr'>geruntur,</span> <span class='ocrx_word' id='word_1_231' title='bbox 1507 1682 1693 1736; x_wconf 88' lang='lat' dir='ltr'>quinque</span> <span class='ocrx_word' id='word_1_232' title='bbox 1709 1683 1764 1724; x_wconf 82' lang='lat'>38</span> 
     </span>
    </p>
   </div>
   <div class='ocr_carea' id='block_1_17' title="bbox 128 1788 878 2915">
    <p class='ocr_par' dir='ltr' id='par_1_17' title="bbox 129 1788 873 1870">
     <span class='ocr_line' id='line_1_31' title="bbox 129 1788 873 1832; baseline 0 -10"><span class='ocrx_word' id='word_1_233' title='bbox 129 1788 306 1823; x_wconf 88' lang='lat' dir='ltr'>schieben</span> <span class='ocrx_word' id='word_1_234' title='bbox 343 1800 390 1823; x_wconf 92' lang='lat' dir='ltr'>an</span> <span class='ocrx_word' id='word_1_235' title='bbox 434 1789 493 1823; x_wconf 86' lang='lat' dir='ltr'>die</span> <span class='ocrx_word' id='word_1_236' title='bbox 530 1789 658 1823; x_wconf 85' lang='lat' dir='ltr'>Mauer</span> <span class='ocrx_word' id='word_1_237' title='bbox 692 1789 873 1832; x_wconf 86' lang='lat' dir='ltr'>herange-</span> 
     </span>
     <span class='ocr_line' id='line_1_32' title="bbox 130 1835 251 1870; baseline -0.008 0"><span class='ocrx_word' id='word_1_238' title='bbox 130 1835 251 1870; x_wconf 77' lang='lat' dir='ltr'>rfickt.</span> 
     </span>
    </p>

    <p class='ocr_par' dir='ltr' id='par_1_18' title="bbox 128 1882 875 2349">
     <span class='ocr_line' id='line_1_33' title="bbox 178 1882 873 1927; baseline 0 -11"><span class='ocrx_word' id='word_1_239' title='bbox 178 1887 210 1916; x_wconf 86' lang='lat'>5.</span> <span class='ocrx_word' id='word_1_240' title='bbox 231 1893 300 1926; x_wconf 76' lang='lat' dir='ltr'>quo</span> <span class='ocrx_word' id='word_1_241' title='bbox 314 1882 499 1927; x_wconf 75' lang='lat' dir='ltr'>incendio]</span> <span class='ocrx_word' id='word_1_242' title='bbox 521 1882 685 1927; x_wconf 86' lang='lat' dir='ltr'>„infolge</span> <span class='ocrx_word' id='word_1_243' title='bbox 701 1882 764 1916; x_wconf 87' lang='lat' dir='ltr'>des</span> <span class='ocrx_word' id='word_1_244' title='bbox 779 1883 873 1917; x_wconf 87' lang='lat' dir='ltr'>hier-</span> 
     </span>
     <span class='ocr_line' id='line_1_34' title="bbox 130 1929 874 1965; baseline 0.001 -2"><span class='ocrx_word' id='word_1_245' title='bbox 130 1929 247 1964; x_wconf 89' lang='lat' dir='ltr'>durch</span> <span class='ocrx_word' id='word_1_246' title='bbox 285 1929 552 1964; x_wconf 84' lang='lat' dir='ltr'>entstandenen</span> <span class='ocrx_word' id='word_1_247' title='bbox 594 1929 790 1965; x_wconf 78' lang='lat' dir='ltr'>Brandes“.</span> <span class='ocrx_word' id='word_1_248' title='bbox 831 1950 874 1955; x_wconf 97' lang='lat'>—</span> 
     </span>
     <span class='ocr_line' id='line_1_35' title="bbox 129 1976 874 2021; baseline -0.001 -10"><span class='ocrx_word' id='word_1_249' title='bbox 129 1977 274 2011; x_wconf 75' lang='lat' dir='ltr'>duabus</span> <span class='ocrx_word' id='word_1_250' title='bbox 295 1976 407 2021; x_wconf 53' lang='lat' dir='ltr'>port]</span> <span class='ocrx_word' id='word_1_251' title='bbox 436 1976 518 2011; x_wconf 88' lang='lat' dir='ltr'>Abl.</span> <span class='ocrx_word' id='word_1_252' title='bbox 541 1977 604 2011; x_wconf 87' lang='lat' dir='ltr'>des</span> <span class='ocrx_word' id='word_1_253' title='bbox 624 1977 761 2021; x_wconf 71' lang='lat' dir='ltr'>VVeges</span> <span class='ocrx_word' id='word_1_254' title='bbox 785 1977 874 2021; x_wconf 87' lang='lat' dir='ltr'>(vgl.</span> 
     </span>
     <span class='ocr_line' id='line_1_36' title="bbox 129 2022 874 2067; baseline 0 -10"><span class='ocrx_word' id='word_1_255' title='bbox 129 2023 224 2067; x_wconf 88' lang='lat' dir='ltr'>Kap.</span> <span class='ocrx_word' id='word_1_256' title='bbox 254 2027 308 2066; x_wconf 88' lang='lat'>16,</span> <span class='ocrx_word' id='word_1_257' title='bbox 336 2025 384 2067; x_wconf 82' lang='lat'>3),</span> <span class='ocrx_word' id='word_1_258' title='bbox 410 2022 582 2058; x_wconf 88' lang='lat' dir='ltr'>Attribut</span> <span class='ocrx_word' id='word_1_259' title='bbox 608 2035 651 2057; x_wconf 89' lang='lat' dir='ltr'>zu</span> <span class='ocrx_word' id='word_1_260' title='bbox 678 2023 762 2057; x_wconf 90' lang='lat' dir='ltr'>dem</span> <span class='ocrx_word' id='word_1_261' title='bbox 785 2023 874 2058; x_wconf 87' lang='lat' dir='ltr'>Ver-</span> 
     </span>
     <span class='ocr_line' id='line_1_37' title="bbox 130 2069 873 2116; baseline 0 -12"><span class='ocrx_word' id='word_1_262' title='bbox 130 2069 406 2104; x_wconf 82' lang='lat' dir='ltr'>balsubstantiv</span> <span class='ocrx_word' id='word_1_263' title='bbox 428 2072 580 2113; x_wconf 76' lang='lat' dir='ltr'>eruptio.</span> <span class='ocrx_word' id='word_1_264' title='bbox 599 2091 640 2095; x_wconf 80' lang='lat'>—</span> <span class='ocrx_word' id='word_1_265' title='bbox 661 2071 761 2113; x_wconf 76' lang='lat' dir='ltr'>fudit</span> <span class='ocrx_word' id='word_1_266' title='bbox 779 2071 873 2116; x_wconf 60' lang='lat' dir='ltr'>fust]</span> 
     </span>
     <span class='ocr_line' id='line_1_38' title="bbox 129 2116 875 2161; baseline 0.003 -11"><span class='ocrx_word' id='word_1_267' title='bbox 129 2116 215 2161; x_wconf 83' lang='lat' dir='ltr'>Vgl.</span> <span class='ocrx_word' id='word_1_268' title='bbox 230 2116 322 2160; x_wconf 89' lang='lat' dir='ltr'>Kap.</span> <span class='ocrx_word' id='word_1_269' title='bbox 344 2120 467 2160; x_wconf 91' lang='lat'>11,10.</span> <span class='ocrx_word' id='word_1_270' title='bbox 490 2116 654 2152; x_wconf 86' lang='lat' dir='ltr'>Beachte</span> <span class='ocrx_word' id='word_1_271' title='bbox 670 2118 728 2152; x_wconf 88' lang='lat' dir='ltr'>die</span> <span class='ocrx_word' id='word_1_272' title='bbox 751 2118 875 2152; x_wconf 73' lang='lat' dir='ltr'>ksihne</span> 
     </span>
     <span class='ocr_line' id='line_1_39' title="bbox 129 2163 875 2207; baseline 0.003 -10"><span class='ocrx_word' id='word_1_273' title='bbox 129 2163 458 2207; x_wconf 86' lang='lat' dir='ltr'>Personifikation,</span> <span class='ocrx_word' id='word_1_274' title='bbox 499 2164 613 2199; x_wconf 83' lang='lat' dir='ltr'>durch</span> <span class='ocrx_word' id='word_1_275' title='bbox 652 2165 792 2199; x_wconf 86' lang='lat' dir='ltr'>welche</span> <span class='ocrx_word' id='word_1_276' title='bbox 831 2177 875 2199; x_wconf 90' lang='lat' dir='ltr'>zu</span> 
     </span>
     <span class='ocr_line' id='line_1_40' title="bbox 129 2210 874 2256; baseline 0.001 -12"><span class='ocrx_word' id='word_1_277' title='bbox 129 2210 257 2246; x_wconf 82' lang='lat' dir='ltr'>diesen</span> <span class='ocrx_word' id='word_1_278' title='bbox 269 2210 415 2246; x_wconf 89' lang='lat' dir='ltr'>Verben</span> <span class='ocrx_word' id='word_1_279' title='bbox 430 2211 496 2246; x_wconf 87' lang='lat' dir='ltr'>das</span> <span class='ocrx_word' id='word_1_280' title='bbox 510 2211 756 2246; x_wconf 82' lang='lat' dir='ltr'>Abstraktum</span> <span class='ocrx_word' id='word_1_281' title='bbox 771 2223 874 2256; x_wconf 76' lang='lat' dir='ltr'>erup-</span> 
     </span>
     <span class='ocr_line' id='line_1_41' title="bbox 128 2257 874 2304; baseline 0.003 -12"><span class='ocrx_word' id='word_1_282' title='bbox 128 2258 180 2292; x_wconf 80' lang='lat' dir='ltr'>tio</span> <span class='ocrx_word' id='word_1_283' title='bbox 213 2258 268 2292; x_wconf 83' lang='lat' dir='ltr'>als</span> <span class='ocrx_word' id='word_1_284' title='bbox 301 2257 459 2302; x_wconf 84' lang='lat' dir='ltr'>Subjekt</span> <span class='ocrx_word' id='word_1_285' title='bbox 489 2260 630 2304; x_wconf 88' lang='lat' dir='ltr'>gesetzt</span> <span class='ocrx_word' id='word_1_286' title='bbox 661 2259 752 2293; x_wconf 87' lang='lat' dir='ltr'>wird</span> <span class='ocrx_word' id='word_1_287' title='bbox 785 2260 874 2304; x_wconf 86' lang='lat' dir='ltr'>(vgl.</span> 
     </span>
     <span class='ocr_line' id='line_1_42' title="bbox 130 2304 467 2349; baseline 0.003 -10"><span class='ocrx_word' id='word_1_288' title='bbox 130 2317 176 2339; x_wconf 91' lang='lat' dir='ltr'>zu</span> <span class='ocrx_word' id='word_1_289' title='bbox 202 2304 293 2349; x_wconf 85' lang='lat' dir='ltr'>Kap.</span> <span class='ocrx_word' id='word_1_290' title='bbox 318 2309 376 2349; x_wconf 83' lang='lat'>29,</span> <span class='ocrx_word' id='word_1_291' title='bbox 399 2308 467 2349; x_wconf 88' lang='grc'>16).</span> 
     </span>
    </p>

    <p class='ocr_par' dir='ltr' id='par_1_19' title="bbox 128 2352 878 2528">
     <span class='ocr_line' id='line_1_43' title="bbox 178 2352 878 2398; baseline 0.003 -12"><span class='ocrx_word' id='word_1_292' title='bbox 178 2355 210 2387; x_wconf 89' lang='grc'>6.</span> <span class='ocrx_word' id='word_1_293' title='bbox 231 2352 344 2386; x_wconf 82' lang='lat' dir='ltr'>solute</span> <span class='ocrx_word' id='word_1_294' title='bbox 359 2363 402 2386; x_wconf 82' lang='lat' dir='ltr'>ac</span> <span class='ocrx_word' id='word_1_295' title='bbox 414 2353 506 2397; x_wconf 75' lang='lat' dir='ltr'>neyl.</span> <span class='ocrx_word' id='word_1_296' title='bbox 522 2353 596 2398; x_wconf 63' lang='grc' dir='ltr'>αφ]</span> <span class='ocrx_word' id='word_1_297' title='bbox 619 2353 721 2395; x_wconf 80' lang='lat' dir='ltr'>„sich</span> <span class='ocrx_word' id='word_1_298' title='bbox 743 2353 878 2388; x_wconf 86' lang='lat' dir='ltr'>schlaff</span> 
     </span>
     <span class='ocr_line' id='line_1_44' title="bbox 129 2398 874 2443; baseline 0.004 -11"><span class='ocrx_word' id='word_1_299' title='bbox 129 2411 163 2432; x_wconf 92' lang='lat' dir='ltr'>u.</span> <span class='ocrx_word' id='word_1_300' title='bbox 191 2398 404 2442; x_wconf 64' lang='lat' dir='ltr'>nachlassig</span> <span class='ocrx_word' id='word_1_301' title='bbox 429 2399 678 2443; x_wconf 81' lang='lat' dir='ltr'>benahmen“;</span> <span class='ocrx_word' id='word_1_302' title='bbox 711 2400 770 2435; x_wconf 88' lang='lat' dir='ltr'>die</span> <span class='ocrx_word' id='word_1_303' title='bbox 799 2400 874 2435; x_wconf 89' lang='lat' dir='ltr'>bei-</span> 
     </span>
     <span class='ocr_line' id='line_1_45' title="bbox 129 2445 874 2492; baseline 0.004 -13"><span class='ocrx_word' id='word_1_304' title='bbox 129 2445 200 2480; x_wconf 89' lang='lat' dir='ltr'>den</span> <span class='ocrx_word' id='word_1_305' title='bbox 233 2445 421 2480; x_wconf 83' lang='lat' dir='ltr'>Adverbia</span> <span class='ocrx_word' id='word_1_306' title='bbox 458 2446 541 2480; x_wconf 79' lang='lat' dir='ltr'>sind</span> <span class='ocrx_word' id='word_1_307' title='bbox 579 2447 673 2482; x_wconf 89' lang='lat' dir='ltr'>auch</span> <span class='ocrx_word' id='word_1_308' title='bbox 709 2451 765 2492; x_wconf 87' lang='lat'>39,</span> <span class='ocrx_word' id='word_1_309' title='bbox 795 2452 826 2492; x_wconf 89' lang='lat'>1,</span> <span class='ocrx_word' id='word_1_310' title='bbox 853 2451 874 2482; x_wconf 90' lang='grc'>4</span> 
     </span>
     <span class='ocr_line' id='line_1_46' title="bbox 128 2493 354 2528; baseline 0.004 -2"><span class='ocrx_word' id='word_1_311' title='bbox 128 2493 354 2528; x_wconf 87' lang='lat' dir='ltr'>verbunden.</span> 
     </span>
    </p>

    <p class='ocr_par' dir='ltr' id='par_1_20' title="bbox 129 2539 875 2669">
     <span class='ocr_line' id='line_1_47' title="bbox 179 2539 875 2585; baseline 0.001 -11"><span class='ocrx_word' id='word_1_312' title='bbox 179 2543 209 2575; x_wconf 82' lang='grc'>7.</span> <span class='ocrx_word' id='word_1_313' title='bbox 249 2539 471 2585; x_wconf 74' lang='lat' dir='ltr'>colliyerent]</span> <span class='ocrx_word' id='word_1_314' title='bbox 495 2540 738 2584; x_wconf 84' lang='lat' dir='ltr'>·‚,erholten“,</span> <span class='ocrx_word' id='word_1_315' title='bbox 770 2541 875 2576; x_wconf 89' lang='lat' dir='ltr'>nicht</span> 
     </span>
     <span class='ocr_line' id='line_1_48' title="bbox 129 2587 872 2632; baseline 0.004 -12"><span class='ocrx_word' id='word_1_316' title='bbox 129 2587 409 2631; x_wconf 55' lang='lat' dir='ltr'>„sammelten‘g</span> <span class='ocrx_word' id='word_1_317' title='bbox 436 2587 483 2621; x_wconf 85' lang='lat' dir='ltr'>da</span> <span class='ocrx_word' id='word_1_318' title='bbox 509 2587 562 2621; x_wconf 85' lang='lat' dir='ltr'>sie</span> <span class='ocrx_word' id='word_1_319' title='bbox 588 2587 638 2621; x_wconf 89' lang='lat' dir='ltr'>im</span> <span class='ocrx_word' id='word_1_320' title='bbox 658 2587 777 2632; x_wconf 78' lang='lat' dir='ltr'>Lager</span> <span class='ocrx_word' id='word_1_321' title='bbox 798 2589 872 2623; x_wconf 86' lang='lat' dir='ltr'>bei-</span> 
     </span>
     <span class='ocr_line' id='line_1_49' title="bbox 130 2644 455 2669; baseline 0.003 -2"><span class='ocrx_word' id='word_1_322' title='bbox 130 2644 297 2668; x_wconf 84' lang='lat' dir='ltr'>sammen</span> <span class='ocrx_word' id='word_1_323' title='bbox 322 2645 455 2669; x_wconf 88' lang='lat' dir='ltr'>waren.</span> 
     </span>
    </p>

    <p class='ocr_par' dir='ltr' id='par_1_21' title="bbox 131 2681 872 2771">
     <span class='ocr_line' id='line_1_50' title="bbox 179 2681 872 2727; baseline 0.001 -13"><span class='ocrx_word' id='word_1_324' title='bbox 179 2683 211 2714; x_wconf 83' lang='lat'>8.</span> <span class='ocrx_word' id='word_1_325' title='bbox 249 2681 388 2727; x_wconf 76' lang='lat' dir='ltr'>castra]</span> <span class='ocrx_word' id='word_1_326' title='bbox 427 2681 539 2715; x_wconf 67' lang='lat' dir='ltr'>niirnl.</span> <span class='ocrx_word' id='word_1_327' title='bbox 576 2681 722 2716; x_wconf 76' lang='lat' dir='ltr'>Punica</span> <span class='ocrx_word' id='word_1_328' title='bbox 762 2681 872 2726; x_wconf 75' lang='lat' dir='ltr'>(Kap.</span> 
     </span>
     <span class='ocr_line' id='line_1_51' title="bbox 131 2727 872 2771; baseline 0.003 -10"><span class='ocrx_word' id='word_1_329' title='bbox 131 2730 187 2769; x_wconf 88' lang='grc'>36,</span> <span class='ocrx_word' id='word_1_330' title='bbox 205 2729 255 2771; x_wconf 78' lang='lat'>7);</span> <span class='ocrx_word' id='word_1_331' title='bbox 271 2727 330 2762; x_wconf 88' lang='lat' dir='ltr'>die</span> <span class='ocrx_word' id='word_1_332' title='bbox 339 2728 475 2762; x_wconf 86' lang='lat' dir='ltr'>Ro&#39;mer</span> <span class='ocrx_word' id='word_1_333' title='bbox 489 2739 611 2762; x_wconf 81' lang='lat' dir='ltr'>waren</span> <span class='ocrx_word' id='word_1_334' title='bbox 627 2727 664 2762; x_wconf 88' lang='lat' dir='ltr'>in</span> <span class='ocrx_word' id='word_1_335' title='bbox 679 2728 744 2762; x_wconf 81' lang='lat' dir='ltr'>der</span> <span class='ocrx_word' id='word_1_336' title='bbox 755 2728 872 2764; x_wconf 78' lang='lat' dir='ltr'>Stadt.</span> 
     </span>
    </p>

    <p class='ocr_par' dir='ltr' id='par_1_22' title="bbox 131 2775 874 2867">
     <span class='ocr_line' id='line_1_52' title="bbox 178 2775 874 2820; baseline 0.001 -12"><span class='ocrx_word' id='word_1_337' title='bbox 178 2777 210 2809; x_wconf 89' lang='lat'>9.</span> <span class='ocrx_word' id='word_1_338' title='bbox 240 2775 332 2820; x_wconf 75' lang='lat' dir='ltr'>spei]</span> <span class='ocrx_word' id='word_1_339' title='bbox 367 2775 489 2809; x_wconf 86' lang='lat' dir='ltr'>Dativ.</span> <span class='ocrx_word' id='word_1_340' title='bbox 518 2795 560 2800; x_wconf 85' lang='lat'>—</span> <span class='ocrx_word' id='word_1_341' title='bbox 588 2776 722 2818; x_wconf 77' lang='lat' dir='ltr'>infecta</span> <span class='ocrx_word' id='word_1_342' title='bbox 748 2775 800 2820; x_wconf 71' lang='lat' dir='ltr'>te]</span> <span class='ocrx_word' id='word_1_343' title='bbox 831 2793 874 2804; x_wconf 93' lang='lat'><strong><em>=</em></strong></span> 
     </span>
     <span class='ocr_line' id='line_1_53' title="bbox 131 2819 872 2867; baseline 0.003 -13"><span class='ocrx_word' id='word_1_344' title='bbox 131 2819 255 2856; x_wconf 81' lang='lat' dir='ltr'>Cumis</span> <span class='ocrx_word' id='word_1_345' title='bbox 279 2832 354 2856; x_wconf 72' lang='lat' dir='ltr'>non</span> <span class='ocrx_word' id='word_1_346' title='bbox 379 2823 597 2867; x_wconf 60' lang='lat' dir='ltr'>expugnans</span> <span class='ocrx_word' id='word_1_347' title='bbox 621 2822 725 2866; x_wconf 81' lang='lat' dir='ltr'>(Kap.</span> <span class='ocrx_word' id='word_1_348' title='bbox 748 2827 802 2865; x_wconf 79' lang='grc'>36,</span> <span class='ocrx_word' id='word_1_349' title='bbox 827 2825 872 2865; x_wconf 86' lang='grc'>7).</span> 
     </span>
    </p>

    <p class='ocr_par' dir='ltr' id='par_1_23' title="bbox 182 2868 872 2915">
     <span class='ocr_line' id='line_1_54' title="bbox 182 2868 872 2915; baseline 0.003 -14"><span class='ocrx_word' id='word_1_350' title='bbox 182 2871 234 2902; x_wconf 92' lang='grc'>10.</span> <span class='ocrx_word' id='word_1_351' title='bbox 264 2868 318 2904; x_wconf 82' lang='grc' dir='ltr'>Τι’.</span> <span class='ocrx_word' id='word_1_352' title='bbox 346 2868 598 2915; x_wconf 27' lang='lat' dir='ltr'>Sempqsovzzus]</span> <span class='ocrx_word' id='word_1_353' title='bbox 626 2868 766 2904; x_wconf 85' lang='lat' dir='ltr'>Konsul</span> <span class='ocrx_word' id='word_1_354' title='bbox 794 2873 872 2912; x_wconf 89' lang='grc'>218,</span> 
     </span>
    </p>
   </div>
   <div class='ocr_carea' id='block_1_18' title="bbox 947 1786 1694 2911">
    <p class='ocr_par' dir='ltr' id='par_1_24' title="bbox 948 1786 1694 1878">
     <span class='ocr_line' id='line_1_55' title="bbox 948 1786 1694 1822; baseline -0.003 0"><span class='ocrx_word' id='word_1_355' title='bbox 948 1799 1019 1822; x_wconf 82' lang='lat' dir='ltr'>von</span> <span class='ocrx_word' id='word_1_356' title='bbox 1057 1787 1245 1822; x_wconf 85' lang='lat' dir='ltr'>Hannibal</span> <span class='ocrx_word' id='word_1_357' title='bbox 1284 1798 1331 1821; x_wconf 87' lang='lat' dir='ltr'>an</span> <span class='ocrx_word' id='word_1_358' title='bbox 1365 1786 1429 1821; x_wconf 86' lang='lat' dir='ltr'>der</span> <span class='ocrx_word' id='word_1_359' title='bbox 1462 1786 1598 1821; x_wconf 86' lang='lat' dir='ltr'>Trebia</span> <span class='ocrx_word' id='word_1_360' title='bbox 1630 1786 1694 1820; x_wconf 90' lang='lat' dir='ltr'>be-</span> 
     </span>
     <span class='ocr_line' id='line_1_56' title="bbox 950 1843 1054 1878; baseline -0.01 -9"><span class='ocrx_word' id='word_1_361' title='bbox 950 1843 1054 1878; x_wconf 78' lang='lat' dir='ltr'>Slegt.</span> 
     </span>
    </p>

    <p class='ocr_par' dir='ltr' id='par_1_25' title="bbox 950 1879 1694 2019">
     <span class='ocr_line' id='line_1_57' title="bbox 997 1879 1693 1926; baseline -0.003 -11"><span class='ocrx_word' id='word_1_362' title='bbox 997 1893 1075 1916; x_wconf 77' lang='lat' dir='ltr'>cum</span> <span class='ocrx_word' id='word_1_363' title='bbox 1108 1881 1308 1926; x_wconf 73' lang='lat' dir='ltr'>Hannone]</span> <span class='ocrx_word' id='word_1_364' title='bbox 1349 1881 1397 1914; x_wconf 88' lang='lat' dir='ltr'>Es</span> <span class='ocrx_word' id='word_1_365' title='bbox 1437 1880 1581 1914; x_wconf 86' lang='lat' dir='ltr'>scheint</span> <span class='ocrx_word' id='word_1_366' title='bbox 1619 1879 1693 1914; x_wconf 86' lang='lat' dir='ltr'>die-</span> 
     </span>
     <span class='ocr_line' id='line_1_58' title="bbox 950 1927 1694 1971; baseline -0.003 -9"><span class='ocrx_word' id='word_1_367' title='bbox 950 1929 1050 1963; x_wconf 88' lang='lat' dir='ltr'>selbe</span> <span class='ocrx_word' id='word_1_368' title='bbox 1096 1927 1394 1963; x_wconf 77' lang='lat' dir='ltr'>Pelsonlichkeit</span> <span class='ocrx_word' id='word_1_369' title='bbox 1441 1927 1608 1971; x_wconf 86' lang='lat' dir='ltr'>gemeint</span> <span class='ocrx_word' id='word_1_370' title='bbox 1651 1939 1694 1960; x_wconf 88' lang='lat' dir='ltr'>zu</span> 
     </span>
     <span class='ocr_line' id='line_1_59' title="bbox 950 1975 1694 2019; baseline -0.003 -9"><span class='ocrx_word' id='word_1_371' title='bbox 950 1976 1039 2017; x_wconf 78' lang='lat' dir='ltr'>sein,</span> <span class='ocrx_word' id='word_1_372' title='bbox 1067 1975 1135 2009; x_wconf 88' lang='lat' dir='ltr'>wie</span> <span class='ocrx_word' id='word_1_373' title='bbox 1157 1976 1247 2019; x_wconf 87' lang='lat' dir='ltr'>Kap.</span> <span class='ocrx_word' id='word_1_374' title='bbox 1270 1978 1326 2018; x_wconf 84' lang='lat'>41,</span> <span class='ocrx_word' id='word_1_375' title='bbox 1349 1978 1409 2017; x_wconf 85' lang='grc'><strong>12;</strong></span> <span class='ocrx_word' id='word_1_376' title='bbox 1437 1978 1495 2017; x_wconf 82' lang='grc'>43,</span> <span class='ocrx_word' id='word_1_377' title='bbox 1517 1978 1554 2017; x_wconf 88' lang='grc'>6,</span> <span class='ocrx_word' id='word_1_378' title='bbox 1583 1977 1639 2017; x_wconf 90' lang='grc'>46,</span> <span class='ocrx_word' id='word_1_379' title='bbox 1660 1977 1694 2008; x_wconf 92' lang='grc'>8.</span> 
     </span>
    </p>

    <p class='ocr_par' dir='ltr' id='par_1_26' title="bbox 950 2021 1692 2160">
     <span class='ocr_line' id='line_1_60' title="bbox 1000 2021 1692 2066; baseline -0.003 -10"><span class='ocrx_word' id='word_1_380' title='bbox 1000 2027 1052 2056; x_wconf 95' lang='grc'>11.</span> <span class='ocrx_word' id='word_1_381' title='bbox 1086 2023 1285 2066; x_wconf 72' lang='lat' dir='ltr'>hominum]</span> <span class='ocrx_word' id='word_1_382' title='bbox 1320 2022 1414 2056; x_wconf 82' lang='lat' dir='ltr'>auch</span> <span class='ocrx_word' id='word_1_383' title='bbox 1444 2021 1621 2066; x_wconf 74' lang='lat' dir='ltr'>Kap.-35,</span> <span class='ocrx_word' id='word_1_384' title='bbox 1651 2025 1692 2055; x_wconf 91' lang='lat'>19</span> 
     </span>
     <span class='ocr_line' id='line_1_61' title="bbox 950 2068 1691 2113; baseline -0.001 -10"><span class='ocrx_word' id='word_1_385' title='bbox 950 2071 994 2104; x_wconf 85' lang='lat' dir='ltr'>st.</span> <span class='ocrx_word' id='word_1_386' title='bbox 1017 2069 1079 2103; x_wconf 85' lang='lat' dir='ltr'>des</span> <span class='ocrx_word' id='word_1_387' title='bbox 1100 2070 1314 2104; x_wconf 78' lang='lat' dir='ltr'>fiblicheren</span> <span class='ocrx_word' id='word_1_388' title='bbox 1334 2069 1488 2103; x_wconf 75' lang='lat' dir='ltr'>hostium</span> <span class='ocrx_word' id='word_1_389' title='bbox 1510 2068 1618 2113; x_wconf 87' lang='lat' dir='ltr'>(Kap.</span> <span class='ocrx_word' id='word_1_390' title='bbox 1635 2071 1691 2111; x_wconf 89' lang='grc'>40,</span> 
     </span>
     <span class='ocr_line' id='line_1_62' title="bbox 951 2117 1330 2160; baseline 0 -9"><span class='ocrx_word' id='word_1_391' title='bbox 951 2121 1010 2159; x_wconf 76' lang='lat'>123</span> <span class='ocrx_word' id='word_1_392' title='bbox 1038 2121 1093 2158; x_wconf 81' lang='lat'>46,</span> <span class='ocrx_word' id='word_1_393' title='bbox 1115 2121 1152 2157; x_wconf 74' lang='lat'>43</span> <span class='ocrx_word' id='word_1_394' title='bbox 1181 2120 1238 2159; x_wconf 84' lang='lat'>49,</span> <span class='ocrx_word' id='word_1_395' title='bbox 1261 2117 1330 2160; x_wconf 86' lang='lat'>13).</span> 
     </span>
    </p>

    <p class='ocr_par' dir='ltr' id='par_1_27' title="bbox 948 2163 1693 2255">
     <span class='ocr_line' id='line_1_63' title="bbox 995 2163 1693 2209; baseline -0.003 -11"><span class='ocrx_word' id='word_1_396' title='bbox 995 2164 1140 2209; x_wconf 72' lang='lat' dir='ltr'>milites]</span> <span class='ocrx_word' id='word_1_397' title='bbox 1174 2163 1213 2197; x_wconf 90' lang='lat' dir='ltr'>in</span> <span class='ocrx_word' id='word_1_398' title='bbox 1239 2163 1390 2198; x_wconf 83' lang='lat' dir='ltr'>solchen</span> <span class='ocrx_word' id='word_1_399' title='bbox 1416 2163 1598 2207; x_wconf 84' lang='lat' dir='ltr'>Angaben</span> <span class='ocrx_word' id='word_1_400' title='bbox 1625 2163 1693 2197; x_wconf 86' lang='lat' dir='ltr'>sel-</span> 
     </span>
     <span class='ocr_line' id='line_1_64' title="bbox 948 2212 1291 2255; baseline -0.003 -9"><span class='ocrx_word' id='word_1_401' title='bbox 948 2213 1010 2246; x_wconf 85' lang='lat' dir='ltr'>ten</span> <span class='ocrx_word' id='word_1_402' title='bbox 1038 2214 1110 2255; x_wconf 81' lang='lat'>(21,</span> <span class='ocrx_word' id='word_1_403' title='bbox 1136 2214 1193 2253; x_wconf 80' lang='lat'>25,</span> <span class='ocrx_word' id='word_1_404' title='bbox 1223 2212 1291 2255; x_wconf 83' lang='lat'>12).</span> 
     </span>
    </p>

    <p class='ocr_par' dir='ltr' id='par_1_28' title="bbox 948 2256 1691 2442">
     <span class='ocr_line' id='line_1_65' title="bbox 996 2256 1691 2305; baseline -0.004 -12"><span class='ocrx_word' id='word_1_405' title='bbox 996 2259 1060 2305; x_wconf 81' lang='lat' dir='ltr'>ad]</span> <span class='ocrx_word' id='word_1_406' title='bbox 1095 2262 1198 2293; x_wconf 87' lang='lat' dir='ltr'>sonst</span> <span class='ocrx_word' id='word_1_407' title='bbox 1229 2270 1298 2291; x_wconf 90' lang='lat' dir='ltr'>nur</span> <span class='ocrx_word' id='word_1_408' title='bbox 1323 2257 1384 2293; x_wconf 89' lang='lat' dir='ltr'>bei</span> <span class='ocrx_word' id='word_1_409' title='bbox 1416 2257 1559 2292; x_wconf 89' lang='lat' dir='ltr'>runden</span> <span class='ocrx_word' id='word_1_410' title='bbox 1586 2256 1691 2291; x_wconf 84' lang='lat' dir='ltr'>Sum-</span> 
     </span>
     <span class='ocr_line' id='line_1_66' title="bbox 949 2303 1691 2350; baseline -0.003 -10"><span class='ocrx_word' id='word_1_411' title='bbox 949 2317 1033 2340; x_wconf 88' lang='lat' dir='ltr'>men</span> <span class='ocrx_word' id='word_1_412' title='bbox 1061 2308 1094 2350; x_wconf 79' lang='lat'>(§</span> <span class='ocrx_word' id='word_1_413' title='bbox 1117 2307 1163 2348; x_wconf 88' lang='lat'>6),</span> <span class='ocrx_word' id='word_1_414' title='bbox 1192 2303 1273 2339; x_wconf 89' lang='lat' dir='ltr'>hier</span> <span class='ocrx_word' id='word_1_415' title='bbox 1298 2304 1358 2339; x_wconf 87' lang='lat' dir='ltr'>bei</span> <span class='ocrx_word' id='word_1_416' title='bbox 1384 2305 1486 2339; x_wconf 88' lang='lat' dir='ltr'>einer</span> <span class='ocrx_word' id='word_1_417' title='bbox 1511 2315 1604 2348; x_wconf 86' lang='lat' dir='ltr'>ganz</span> <span class='ocrx_word' id='word_1_418' title='bbox 1630 2304 1691 2338; x_wconf 84' lang='lat' dir='ltr'>be-</span> 
     </span>
     <span class='ocr_line' id='line_1_67' title="bbox 949 2350 1690 2394; baseline -0.003 -7"><span class='ocrx_word' id='word_1_419' title='bbox 949 2353 1139 2387; x_wconf 86' lang='lat' dir='ltr'>stimmten</span> <span class='ocrx_word' id='word_1_420' title='bbox 1161 2351 1263 2394; x_wconf 83' lang='lat' dir='ltr'>Zahl,</span> <span class='ocrx_word' id='word_1_421' title='bbox 1283 2352 1490 2394; x_wconf 87' lang='lat' dir='ltr'>verratend,</span> <span class='ocrx_word' id='word_1_422' title='bbox 1513 2351 1592 2385; x_wconf 83' lang='lat' dir='ltr'>dass</span> <span class='ocrx_word' id='word_1_423' title='bbox 1613 2350 1690 2385; x_wconf 83' lang='lat' dir='ltr'>die-</span> 
     </span>
     <span class='ocr_line' id='line_1_68' title="bbox 948 2398 1514 2442; baseline -0.005 -8"><span class='ocrx_word' id='word_1_424' title='bbox 948 2400 1047 2434; x_wconf 83' lang='lat' dir='ltr'>sclbe</span> <span class='ocrx_word' id='word_1_425' title='bbox 1074 2399 1178 2433; x_wconf 86' lang='lat' dir='ltr'>nicht</span> <span class='ocrx_word' id='word_1_426' title='bbox 1203 2398 1431 2442; x_wconf 70' lang='lat' dir='ltr'>zuverlassig</span> <span class='ocrx_word' id='word_1_427' title='bbox 1455 2398 1514 2432; x_wconf 81' lang='lat' dir='ltr'>ist.</span> 
     </span>
    </p>

    <p class='ocr_par' dir='ltr' id='par_1_29' title="bbox 995 2444 1585 2491">
     <span class='ocr_line' id='line_1_69' title="bbox 995 2444 1585 2491; baseline -0.003 -10"><span class='ocrx_word' id='word_1_428' title='bbox 995 2451 1089 2481; x_wconf 74' lang='lat' dir='ltr'>retro</span> <span class='ocrx_word' id='word_1_429' title='bbox 1114 2457 1149 2480; x_wconf 84' lang='lat' dir='ltr'>se</span> <span class='ocrx_word' id='word_1_430' title='bbox 1176 2446 1321 2491; x_wconf 73' lang='lat' dir='ltr'>recepit]</span> <span class='ocrx_word' id='word_1_431' title='bbox 1349 2444 1442 2488; x_wconf 87' lang='lat' dir='ltr'>Kap.</span> <span class='ocrx_word' id='word_1_432' title='bbox 1470 2449 1526 2486; x_wconf 84' lang='lat'>36,</span> <span class='ocrx_word' id='word_1_433' title='bbox 1555 2449 1585 2479; x_wconf 86' lang='grc'>6.</span> 
     </span>
    </p>

    <p class='ocr_par' dir='ltr' id='par_1_30' title="bbox 947 2491 1690 2581">
     <span class='ocr_line' id='line_1_70' title="bbox 998 2491 1690 2537; baseline -0.003 -10"><span class='ocrx_word' id='word_1_434' title='bbox 998 2498 1051 2527; x_wconf 79' lang='grc'><strong>12.</strong></span> <span class='ocrx_word' id='word_1_435' title='bbox 1079 2504 1122 2527; x_wconf 69' lang='grc' dir='ltr'>ω.-</span> <span class='ocrx_word' id='word_1_436' title='bbox 1145 2492 1272 2537; x_wconf 70' lang='lat' dir='ltr'>Hirp]</span> <span class='ocrx_word' id='word_1_437' title='bbox 1303 2492 1472 2526; x_wconf 83' lang='lat' dir='ltr'>Attribut</span> <span class='ocrx_word' id='word_1_438' title='bbox 1491 2503 1534 2524; x_wconf 88' lang='lat' dir='ltr'>zu</span> <span class='ocrx_word' id='word_1_439' title='bbox 1555 2491 1690 2534; x_wconf 79' lang='lat' dir='ltr'>oppida</span> 
     </span>
     <span class='ocr_line' id='line_1_71' title="bbox 947 2538 1660 2581; baseline -0.007 -5"><span class='ocrx_word' id='word_1_440' title='bbox 947 2542 1031 2576; x_wconf 72' lang='lat' dir='ltr'>tria.</span> <span class='ocrx_word' id='word_1_441' title='bbox 1071 2539 1158 2573; x_wconf 85' lang='lat' dir='ltr'>Man</span> <span class='ocrx_word' id='word_1_442' title='bbox 1185 2542 1374 2573; x_wconf 85' lang='lat' dir='ltr'>erwartet:</span> <span class='ocrx_word' id='word_1_443' title='bbox 1402 2540 1447 2572; x_wconf 74' lang='lat' dir='ltr'>in</span> <span class='ocrx_word' id='word_1_444' title='bbox 1472 2538 1660 2581; x_wconf 72' lang='lat' dir='ltr'>Hirpinis.</span> 
     </span>
    </p>

    <p class='ocr_par' dir='ltr' id='par_1_31' title="bbox 948 2584 1690 2668">
     <span class='ocr_line' id='line_1_72' title="bbox 995 2584 1690 2631; baseline -0.003 -10"><span class='ocrx_word' id='word_1_445' title='bbox 995 2586 1212 2631; x_wconf 74' lang='lat' dir='ltr'>defecerant]</span> <span class='ocrx_word' id='word_1_446' title='bbox 1250 2586 1333 2628; x_wconf 79' lang='lat' dir='ltr'>Vgl.</span> <span class='ocrx_word' id='word_1_447' title='bbox 1366 2585 1456 2629; x_wconf 83' lang='lat' dir='ltr'>Kap.</span> <span class='ocrx_word' id='word_1_448' title='bbox 1488 2591 1517 2627; x_wconf 90' lang='lat'>1,</span> <span class='ocrx_word' id='word_1_449' title='bbox 1544 2589 1576 2619; x_wconf 86' lang='lat'>4.</span> <span class='ocrx_word' id='word_1_450' title='bbox 1623 2584 1690 2620; x_wconf 79' lang='lat' dir='ltr'>Die</span> 
     </span>
     <span class='ocr_line' id='line_1_73' title="bbox 948 2632 1689 2668; baseline -0.001 0"><span class='ocrx_word' id='word_1_451' title='bbox 948 2634 1026 2668; x_wconf 87' lang='lat' dir='ltr'>drei</span> <span class='ocrx_word' id='word_1_452' title='bbox 1054 2633 1183 2668; x_wconf 70' lang='lat' dir='ltr'>Stadte</span> <span class='ocrx_word' id='word_1_453' title='bbox 1217 2632 1298 2666; x_wconf 85' lang='lat' dir='ltr'>sind</span> <span class='ocrx_word' id='word_1_454' title='bbox 1330 2634 1433 2667; x_wconf 76' lang='lat' dir='ltr'>sonet</span> <span class='ocrx_word' id='word_1_455' title='bbox 1462 2632 1689 2667; x_wconf 86' lang='lat' dir='ltr'>unbekannt.</span> 
     </span>
    </p>

    <p class='ocr_par' dir='ltr' id='par_1_32' title="bbox 947 2678 1690 2816">
     <span class='ocr_line' id='line_1_74' title="bbox 995 2678 1690 2724; baseline -0.001 -11"><span class='ocrx_word' id='word_1_456' title='bbox 995 2680 1099 2724; x_wconf 83' lang='lat' dir='ltr'>Kap.</span> <span class='ocrx_word' id='word_1_457' title='bbox 1131 2683 1322 2722; x_wconf 37' lang='lat'>38-39,⁴1.</span> <span class='ocrx_word' id='word_1_458' title='bbox 1367 2678 1690 2713; x_wconf 82' lang='lat' dir='ltr'>Vorbereitun-</span> 
     </span>
     <span class='ocr_line' id='line_1_75' title="bbox 947 2725 1690 2771; baseline -0.001 -10"><span class='ocrx_word' id='word_1_459' title='bbox 947 2740 1031 2771; x_wconf 84' lang='lat' dir='ltr'>gen</span> <span class='ocrx_word' id='word_1_460' title='bbox 1066 2739 1159 2760; x_wconf 87' lang='lat' dir='ltr'>zum</span> <span class='ocrx_word' id='word_1_461' title='bbox 1186 2726 1349 2771; x_wconf 79' lang='lat' dir='ltr'>Kriege</span> <span class='ocrx_word' id='word_1_462' title='bbox 1383 2726 1464 2760; x_wconf 86' lang='lat' dir='ltr'>mit</span> <span class='ocrx_word' id='word_1_463' title='bbox 1491 2725 1690 2770; x_wconf 77' lang='lat' dir='ltr'>Philipp.</span> 
     </span>
     <span class='ocr_line' id='line_1_76' title="bbox 948 2776 1165 2816; baseline -0.014 -7"><span class='ocrx_word' id='word_1_464' title='bbox 948 2776 1046 2809; x_wconf 82' lang='lat' dir='ltr'>Zon.</span> <span class='ocrx_word' id='word_1_465' title='bbox 1074 2778 1107 2816; x_wconf 94' lang='lat'>9,</span> <span class='ocrx_word' id='word_1_466' title='bbox 1133 2778 1165 2807; x_wconf 88' lang='grc'>4.</span> 
     </span>
    </p>

    <p class='ocr_par' dir='ltr' id='par_1_33' title="bbox 948 2819 1688 2911">
     <span class='ocr_line' id='line_1_77' title="bbox 995 2819 1688 2865; baseline -0.001 -10"><span class='ocrx_word' id='word_1_467' title='bbox 995 2821 1057 2855; x_wconf 82' lang='grc'>38.</span> <span class='ocrx_word' id='word_1_468' title='bbox 1097 2825 1123 2857; x_wconf 84' lang='grc'>1.</span> <span class='ocrx_word' id='word_1_469' title='bbox 1154 2821 1311 2865; x_wconf 69' lang='lat' dir='ltr'>quinque</span> <span class='ocrx_word' id='word_1_470' title='bbox 1337 2820 1460 2865; x_wconf 67' lang='lat' dir='ltr'>vat-es]</span> <span class='ocrx_word' id='word_1_471' title='bbox 1490 2819 1573 2865; x_wconf 86' lang='lat' dir='ltr'>Vgl.</span> <span class='ocrx_word' id='word_1_472' title='bbox 1595 2819 1688 2864; x_wconf 84' lang='lat' dir='ltr'>Kap.</span> 
     </span>
     <span class='ocr_line' id='line_1_78' title="bbox 948 2872 1067 2911; baseline 0 -9"><span class='ocrx_word' id='word_1_473' title='bbox 948 2873 1009 2911; x_wconf 65' lang='lat'>34,</span> <span class='ocrx_word' id='word_1_474' title='bbox 1037 2872 1067 2902; x_wconf 86' lang='lat'>9.</span> 
     </span>
    </p>
   </div>
  </div>
 </body>
</html>
