1882 3163
215 113 270 155 66
747 112 893 148 LIBER
918 113 1029 149 XXV.
1069 113 1170 147 CAP.
1197 118 1253 149 33.

143 210 199 251 33

1570 131 1596 150 a.
1618 132 1646 150 u.
1669 132 1693 151 o.
1716 126 1778 151 542.

332 209 582 250 Hasdrubal
614 211 844 264 postquam
878 209 1182 251 animadvertit
1209 210 1411 265 exiguum
1432 210 1675 252 Romanum
1708 226 1783 254 ex·

216 269 395 310 ercitum
433 269 479 309 in
518 268 670 310 castris
711 271 753 310 et
791 283 912 322 spem
957 283 1128 310 omnem
1170 270 1214 310 in
1254 268 1570 311 Celtiberorum
1609 271 1778 312 auxiliis

168 339 188 368 2
216 342 326 381 esse,
367 327 531 381 peritus
574 327 712 369 omnis
751 327 1001 369 barbaricae
1040 330 1081 369 et
1118 328 1344 382 praecipue
1384 342 1528 369 earum
1568 329 1784 384 gentium,

167 398 187 428 3
214 387 260 428 in
304 386 459 441 quibus
505 400 581 440 per
618 389 686 427 tot
730 400 865 427 annos
907 386 1142 439 militabat,
1184 387 1404 441 perfidiae,
1444 387 1562 428 facili
1603 388 1777 443 linguae

213 446 464 495 commercio,
502 459 597 487 cum
630 447 811 500 utraque
844 448 985 486 castra
1017 446 1144 499 plena
1175 445 1470 500 Hispanorum
1503 449 1665 500 essent,
1702 461 1785 501 per

214 505 380 546 occulta
412 504 640 559 conloquia
672 504 903 558 paciscitur
933 518 1091 560 magna
1117 505 1308 546 mercede
1335 519 1431 546 cum
1459 503 1781 547 Celtiberorum

167 574 188 603 4
214 563 501 618 principibus,
541 565 590 604 ut
628 563 775 617 copias
813 563 910 604 inde
947 563 1171 605 abducant.
1232 578 1310 605 nec
1343 566 1466 605 atrox
1497 564 1638 605 visum
1671 564 1777 606 faci-

212 637 312 664 nus:
351 637 439 663 non
472 622 605 676 enim,
636 625 684 663 ut
716 622 760 663 in
792 621 1010 664 Romanos
1042 624 1258 663 verterent
1289 637 1426 676 arma,
1467 623 1695 677 agebatur,
1735 625 1778 664 et

213 695 393 732 merces,
433 684 593 735 quanta
631 682 698 723 vel
730 695 807 735 pro
841 681 953 722 bello
986 681 1093 722 satis
1127 684 1257 735 esset,
1302 681 1502 736 dabatur,
1534 696 1586 723 ne
1617 682 1778 723 bellum

214 743 427 796 gererent,
475 742 517 781 et
554 755 650 782 cum
693 740 811 794 quies
851 740 945 794 ipsa
982 742 1074 781 tum
1112 739 1274 781 reditus
1313 740 1487 782 domum
1527 740 1778 795 fructusque

166 809 185 839 5
212 799 383 841 videndi
421 813 522 840 suos
561 813 721 853 suaque
760 801 885 853 grata
922 799 1051 853 vulgo
1092 802 1224 840 erant.
1286 800 1431 854 itaque
1470 814 1561 841 non
1598 799 1778 841 ducibus

211 858 380 900 facilius
413 872 540 912 quam
565 857 836 899 multitudini
860 872 1112 911 persuasum
1139 860 1214 900 est.
1277 858 1404 900 simul
1435 872 1490 899 ne
1520 861 1659 900 metus
1686 858 1777 912 qui-

214 917 309 959 dem
352 917 405 959 ab
445 916 654 958 Romanis
694 918 804 970 erat,
849 916 1007 970 quippe
1044 918 1135 957 tam
1173 916 1341 971 paucis,
1381 917 1416 958 si
1453 917 1495 958 vi
1533 917 1777 958 retinerent.

166 989 185 1017 c
212 977 255 1018 id
281 976 451 1031 quidem
479 976 715 1017 cavendum
742 989 910 1029 semper
935 974 1143 1017 Romanis
1170 975 1349 1017 ducibus
1377 976 1474 1029 erit,
1500 976 1778 1031 exemplaque

212 1035 318 1078 haec
350 1050 449 1076 vere
474 1049 551 1089 pro
579 1034 848 1077 documentis
875 1034 1087 1089 habenda,
1118 1048 1171 1075 ne
1197 1034 1259 1075 ita
1291 1034 1475 1076 externis
1505 1035 1680 1076 credant
1706 1049 1778 1076 au-

212 1095 343 1147 xiliis,
381 1097 430 1135 ut
466 1108 555 1136 non
593 1094 689 1148 plus
729 1093 794 1135 sui
831 1093 999 1135 roboris
1040 1107 1296 1147 suarumque
1334 1093 1506 1147 proprie
1547 1093 1701 1134 virium
1733 1093 1778 1134 in

168 1167 185 1196 7
215 1154 366 1195 castris
391 1153 592 1194 habeant.
656 1153 791 1208 signis
816 1154 993 1207 repente
1030 1152 1213 1194 sublatis
1241 1150 1446 1194 Celtiberi
1479 1153 1639 1194 abeunt
1669 1152 1778 1194 nihil

215 1212 329 1253 aliud
362 1212 666 1266 quaerentibus
694 1226 868 1253 causam
894 1211 1310 1266 obtestantibusque,
1341 1214 1389 1253 ut
1420 1213 1656 1265 manerent,
1691 1210 1776 1252 Ro-

168 1283 186 1312 s
215 1271 353 1313 manis
386 1271 695 1325 respondentes
729 1285 856 1325 quam
890 1270 1125 1312 domestico
1160 1285 1204 1312 se
1237 1270 1409 1312 avocari
1435 1270 1560 1311 bello.
1617 1268 1778 1324 Scipio,

1079 1410 1187 1455 esset]
1228 1426 1271 1438 =
1313 1409 1429 1443 ‘nac-h
1466 1409 1565 1443 ihrer
1599 1408 1780 1454 Meinung

1030 1457 1136 1492 war'.
1399 1470 1415 1473 -

1078 1504 1236 1549 fructus]
1265 1515 1291 1537 S.
1319 1515 1361 1537 zu
1389 1508 1445 1547 31,
1474 1507 1504 1539 7.

213 1411 373 1446 lichkeit
397 1411 462 1445 der
480 1410 599 1445 Kiirze
619 1409 701 1444 hier
721 1409 956 1454 gemindert‘).

215 1458 263 1495 So
289 1457 344 1493 oft
369 1458 429 1493 bei
455 1458 547 1501 Liv.,
574 1469 602 1492 z.
622 1458 661 1491 B.
689 1457 723 1499 5,
750 1462 807 1500 34,
828 1462 848 1491 3
875 1458 957 1492 mis-

212 1518 337 1541 surum
362 1517 398 1541 se
423 1516 492 1540 esse
519 1507 559 1539 iri
584 1516 674 1550 quas
699 1505 755 1539 clii
779 1506 959 1540 dedissent

214 1554 382 1599 aayuriis
405 1554 502 1587 sedes
522 1570 565 1581 =
585 1554 627 1586 iu
653 1563 712 1587 eas
733 1553 843 1595 sedes,
869 1552 959 1597 quas

214 1602 269 1635 dii
294 1601 473 1635 dedissent
499 1600 677 1644 auguriis.

262 1648 310 1682 acl
342 1648 470 1682 desan.
504 1647 586 1681 belli
622 1646 782 1691 partem]
810 1657 853 1679 zu
887 1645 958 1680 den

213 1693 604 1738 Kriegsoperationen,
631 1693 773 1727 welche
793 1693 872 1727 ihm
898 1692 958 1726 bei

214 1741 279 1776 der
287 1741 474 1785 Theilung
487 1740 698 1785 zugefallen
711 1751 853 1783 waren3
868 1739 957 1774 ahn-

212 1788 289 1822 lich
315 1789 380 1832 21,
410 1793 470 1830 17,
497 1792 518 1823 8
552 1790 599 1832 (n.
628 1791 689 1831 22,
717 1790 752 1831 4)
784 1799 826 1822 ea
851 1791 960 1831 parte

213 1837 296 1871 belli
321 1837 581 1871 dimicaturum
599 1835 730 1870 hostem
755 1835 958 1878 eredebant,

212 1894 269 1917 wo
290 1884 399 1917 unter
421 1882 578 1917 ‘diesem
596 1881 705 1916 Theil
723 1882 788 1916 des
808 1881 958 1926 Kriegs-

214 1930 486 1974 schauplatzes’
517 1929 582 1964 der
609 1928 787 1973 Seekrieg
811 1928 862 1962 im
890 1927 958 1963 Ge-

213 1979 366 2021 gensatz
399 1989 441 2010 zu
467 1977 539 2011 den
566 1975 749 2020 K'ampfen
782 1975 849 2010 auf
874 1976 959 2010 <lem

212 2024 339 2058 Lande
366 2023 590 2058 verstanden
616 2023 719 2057 wird.

260 2083 327 2122 33,
361 2087 393 2117 2.
433 2084 549 2117 omnis
578 2083 791 2117 barbaricae
818 2110 824 2116 .
848 2109 854 2115 .

214 2130 339 2175 fidiae]
369 2141 394 2163 S.
422 2141 464 2162 zu
493 2134 547 2172 18,
576 2133 607 2164 6.

260 2192 292 2222 3.
331 2188 438 2231 facili
470 2189 616 2232 linquae
642 2187 864 2232 commercio]
897 2185 958 2221 bei

213 2235 278 2269 der
296 2233 554 2278 Leichtigkeit
580 2233 661 2267 sich
687 2245 730 2268 zu
750 2232 958 2267 vei-standi-

213 2293 301 2326 gen3
341 2282 487 2327 linquae
525 2281 772 2316 commercium
812 2279 957 2313 ‘miind-

212 2329 329 2363 licher
359 2327 542 2362 Verkehr’
576 2327 644 2362 hat
675 2327 755 2361 Liv.
789 2326 844 2361 oft
877 2337 957 2361 ver-

211 2376 371 2411 bunden.

254 2434 476 2479 paciscitur]
498 2433 564 2468 (las
579 2433 743 2468 Verbum
758 2444 842 2478 pac.
864 2432 957 2466 wird

212 2480 250 2514 in
272 2481 337 2516 der
355 2481 579 2525 Bedeutung
607 2480 850 2523 ‘abmachen,
878 2479 957 2513 sich

212 2527 484 2572 ausbedingen'
525 2527 596 2562 mit
631 2532 673 2563 ut
717 2526 956 2569 construiert;

213 2588 239 2611 s.
266 2574 334 2618 24,
361 2580 424 2618 47,
451 2578 472 2609 8
506 2585 587 2610 eum
612 2576 756 2610 consule
779 2575 891 2619 pacti,
917 2578 958 2609 ut

211 2624 427 2657 emitteretur
459 2622 688 2667 praesidium
724 2621 957 2665 (Ausnahme

211 2668 277 2712 34,
304 2673 365 2712 23,
395 2671 445 2713 7),
478 2668 518 2702 in
544 2668 610 2703 der
634 2668 723 2704 Bed.
756 2668 852 2702 ‘sich
878 2679 958 2702 ver-

211 2715 404 2759 pflichten’
444 2715 515 2750 mit
546 2715 630 2750 dem
662 2714 742 2758 Ins„
775 2727 802 2749 Z.
828 2715 869 2749 Β.
897 2714 957 2759 21,

212 2767 272 2805 41,
307 2767 326 2797 9
364 2763 586 2807 stipendium
614 2764 753 2808 populo
791 2761 958 2798 Romano

213 2809 300 2843 (lare
319 2814 452 2853 pactus
478 2814 537 2845 est.

262 2871 293 2900 4.
316 2878 386 2911 pro
413 2868 516 2914 bello]
543 2867 707 2902 namlich
732 2868 896 2914 gerendo.

876 2093 958 2126 PET-

1080 1556 1111 1585 5.
1148 1555 1260 1586 metas
1286 1551 1331 1585 ab
1358 1550 1549 1595 Romanis]
1580 1550 1675 1585 ‘vor’
1705 1550 1779 1584 den

1030 1598 1202 1641 Romem,
1218 1597 1286 1631 wie
1300 1598 1395 1632 auch
1408 1598 1473 1631 das
1482 1597 1645 1632 Verbum
1660 1597 1780 1632 selbst

1030 1645 1100 1679 mit
1120 1645 1185 1679 der
1204 1644 1310 1689 Prap.
1333 1657 1356 1679 a
1377 1645 1512 1679 constr.
1533 1644 1643 1687 wird,
1672 1656 1698 1679 s.
1715 1644 1777 1687 23,

1034 1697 1093 1735 15,
1123 1696 1141 1727 7
1170 1696 1282 1727 metus
1308 1704 1332 1726 a
1350 1695 1529 1736 praetore.
1580 1691 1644 1735 23,
1671 1695 1728 1734 36,
1758 1696 1775 1725 1

1031 1740 1077 1774 ab
1104 1739 1318 1774 Hannibale
1345 1743 1511 1773 metuens.

1079 1788 1211 1831 quippe
1230 1791 1304 1821 tam
1318 1785 1466 1831 paucis]
1495 1803 1538 1814 =
1565 1787 1696 1830 quippe
1715 1787 1779 1830 qui

1031 1837 1106 1869 tam
1131 1835 1248 1878 pauci
1281 1838 1413 1875 esseut,
1450 1843 1555 1867 wozu
1594 1832 1674 1866 sich
1713 1832 1779 1867 der

1033 1880 1338 1915 Consecutivsatz
1358 1880 1476 1914 leicht
1499 1880 1650 1924 erganzt
1668 1881 1779 1914 unter

1031 1927 1399 1971 Bersicksichtigung
1425 1927 1490 1961 des
1516 1926 1742 1971 Folgenden.

1080 1980 1111 2010 6.
1144 1975 1320 2020 eoeempla]
1355 1974 1435 2008 dies
1462 1973 1571 2008 Wort
1602 1973 1695 2007 wird
1722 1973 1779 2008 oft

1034 2033 1073 2057 so
1110 2021 1335 2067 gebraucht,
1376 2021 1462 2055 dass
1495 2032 1532 2055 es
1564 2020 1671 2055 nicht
1705 2020 1779 2055 den

1032 2068 1175 2114 Begriff
1197 2069 1298 2103 eines
1324 2080 1387 2102 zur
1405 2069 1603 2112 Warnung
1626 2067 1778 2102 dienen-

1033 2117 1105 2150 den
1142 2115 1325 2160 Beispiels
1359 2115 1581 2159 ausdriickt,
1617 2114 1778 2150 sondern

1033 2163 1235 2207 allgemein
1273 2174 1421 2197 unserm
1456 2161 1656 2206 ‘Ereignis’
1698 2162 1776 2195 ent-

1033 2209 1192 2254 spricht3
1224 2220 1263 2243 so
1290 2209 1356 2251 24,
1382 2212 1415 2252 8,
1442 2213 1486 2243 20
1514 2210 1614 2243 lacus
1643 2207 1776 2243 Trasu-

1031 2267 1182 2291 mennus
1207 2260 1239 2291 et
1266 2256 1414 2290 Cannae
1438 2256 1560 2290 tristia
1588 2256 1637 2290 ad
1661 2266 1777 2290 recor-

1031 2304 1213 2339 dationem
1250 2303 1411 2347 eoeempla
1444 2306 1540 2337 sunt.
1596 2301 1691 2336 Dass
1729 2313 1777 2336 an

1032 2350 1164 2392 dieser,
1190 2349 1260 2384 wie
1282 2361 1328 2384 an
1349 2349 1478 2393 obiger
1499 2348 1614 2383 Stelle
1638 2348 1698 2383 die
1718 2360 1778 2384 ex·

1031 2399 1148 2442 empta
1189 2397 1417 2431 ‘warnende'
1454 2395 1642 2441 Beispiele
1681 2395 1776 2439 sind,

1031 2456 1119 2488 was,
1130 2444 1200 2478 wie
1212 2444 1356 2489 gesagt,
1365 2443 1471 2478 nicht
1480 2443 1611 2477 immer
1619 2442 1684 2477 der
1694 2442 1777 2477 Fall

1030 2491 1091 2534 ist,
1118 2491 1217 2536 zeigt
1237 2491 1302 2525 der
1322 2490 1656 2534 Zusammenhang,
1677 2489 1778 2524 oben

1031 2538 1231 2574 besonders
1258 2538 1324 2573 der
1345 2537 1476 2572 Zusatz
1494 2549 1534 2582 p.
1555 2537 1778 2572 documentis

1030 2587 1063 2620 h.
1090 2585 1166 2620 und
1197 2585 1263 2619 der
1286 2584 1357 2619 mit
1381 2596 1426 2620 rte
1451 2583 1652 2629 angefiigte
1679 2582 1775 2617 Satz.

1077 2637 1118 2668 ut
1147 2643 1222 2668 'non
1246 2633 1334 2677 plus
1364 2633 1424 2667 sui
1447 2630 1601 2675 roboris]
1633 2629 1775 2674 positiv

1031 2679 1285 2724 ausgedriickt
1315 2678 1442 2712 wiirde
1471 2689 1510 2713 es
1536 2677 1701 2712 heissen:
1734 2680 1777 2712 ut

1024 2728 1112 2772 plus
1137 2731 1368 2762 externarum
1391 2726 1537 2761 virium.

1077 2775 1137 2809 sui
1160 2774 1300 2808 roboris
1325 2782 1542 2816 suarumque
1562 2800 1569 2806 .
1593 2799 1599 2805 .
1620 2770 1771 2816 virium]

1032 2833 1059 2855 s.
1086 2832 1129 2854 zu
1154 2824 1211 2863 21,
1240 2824 1271 2854 7.

1077 2878 1228 2903 suarum
1246 2866 1412 2912 proprie]
1440 2877 1466 2900 s.
1493 2876 1535 2898 zu
1563 2867 1619 2908 28,
1645 2868 1677 2898 4.
