1882 3163
139 120 170 140 a.
197 114 265 140 chr.
292 121 319 138 n.
345 114 407 139 214.
614 101 758 137 LIBER
781 101 927 136 XXIIII.
970 101 1074 137 CAP.
1102 105 1156 136 12.
1187 104 1240 135 13.
1655 97 1712 139 23

148 211 338 266 Capuam
384 211 615 253 exercitum
656 210 924 251 admoveret:
969 209 1023 250 ad
1064 223 1159 250 eam
1201 208 1536 263 oppugnandam
1576 221 1713 249 novos

147 271 352 313 exercitus
393 270 524 312 scribi
554 269 736 322 Romae,
779 282 858 309 nec
895 268 1022 309 ullius
1060 268 1178 309 urbis
1218 267 1449 309 defectioni
1480 267 1619 322 magis
1651 266 1715 308 in-

147 329 289 371 fensos
329 344 474 371 eorum
513 329 678 370 animos
718 341 821 368 esse.
883 326 926 367 id
971 327 1070 382 quia
1108 329 1197 367 tam
1238 326 1403 380 trepide
1441 326 1715 379 nuntiabant,
1741 333 1762 364 3

148 389 449 430 maturandum
481 387 701 428 Hannibal
733 388 872 439 ratus,
903 400 957 426 ne
988 385 1290 440 praevenirent
1314 385 1521 439 Romani,
1552 384 1716 439 profec-

147 449 217 488 tus
250 447 378 501 Arpis
418 447 471 488 ad
510 446 655 487 Tifata
691 446 736 486 in
775 444 990 486 veteribus
1029 444 1181 486 castris
1225 458 1352 497 super
1384 442 1578 498 Capuam
1616 458 1717 485 con-

149 506 270 547 sedit.
326 506 422 547 inde
453 504 651 546 Numidis
684 503 977 558 Hispanisque
1016 503 1069 544 ad
1101 503 1364 557 praesidium
1397 503 1524 544 simul
1557 505 1717 544 castro·
1743 510 1765 541 4

148 579 243 605 rum
276 565 402 606 simul
423 563 596 618 Capuae
622 563 784 604 relictis
811 577 907 603 cum
934 564 1074 603 cetero
1101 562 1287 603 exercitu
1315 562 1367 602 ad
1394 562 1534 603 lacum
1556 561 1714 603 Averni

147 638 225 677 per
257 625 440 677 speciem
473 622 760 668 sacrificandi,
791 636 836 662 re
868 622 982 675 ipsa,
1014 624 1063 662 ut
1093 623 1326 674 temptaret
1351 619 1552 662 Puteolos
1585 620 1718 675 quod-

150 697 229 736 que
261 683 321 723 ibi
352 682 610 735 praesidium
643 683 750 734 erat,
783 680 1012 722 descendit.
1062 679 1297 733 Maximus,
1335 682 1567 734 postquam
1598 678 1716 721 Han·
1744 686 1764 718 5

146 741 335 783 nibalem
356 741 484 795 Arpis
517 740 758 795 profectum
785 742 828 780 et
852 739 1020 794 regredi
1046 739 1091 780 in
1113 737 1393 793 Campaniam
1422 738 1615 780 adlatum
1640 741 1718 793 est,

148 815 227 842 nec
260 800 326 841 die
357 814 435 841 nec
467 802 594 841 nocte
626 799 874 840 intermisso
907 798 1060 840 itinere
1093 797 1147 839 ad
1179 798 1411 839 exercitum
1442 797 1553 838 redit
1585 800 1627 838 et
1654 797 1717 839 Ti.
1745 806 1764 838 6

149 858 389 900 Gracchum
435 859 488 900 ab
527 858 706 900 Luceria
743 857 1038 899 Beneventum
1077 857 1221 911 copias
1261 857 1507 910 admovere,
1552 855 1599 905 Q.
1637 855 1718 898 Fa-

147 918 266 960 bium
309 921 552 972 praetorem
592 941 651 947 —
693 918 729 958 is
774 917 886 957 filius
932 917 1120 958 consulis
1165 919 1258 957 erat
1298 940 1349 945 —
1396 917 1454 958 ad
1494 915 1719 957 Luceriam

149 976 342 1019 Graccho
364 976 589 1018 succedere
609 977 740 1017 iubet.
759 1000 809 1006 --
831 975 879 1016 In
904 974 1092 1017 Siciliam
1113 975 1262 1016 eodem
1280 977 1474 1029 tempore
1496 975 1579 1016 duo
1600 989 1719 1029 prae·
1747 984 1765 1015 7

147 1038 264 1078 tores
309 1035 509 1091 profecti,
554 1035 599 1077 P.
633 1034 855 1076 Cornelius
901 1034 954 1076 ad
999 1035 1249 1088 exercitum,
1294 1034 1340 1075 T.
1374 1034 1601 1088 Otacilius,
1645 1034 1719 1088 qui

148 1095 393 1136 maritimae
427 1109 525 1136 orae
557 1095 702 1149 reique
734 1094 879 1135 navali
906 1096 1134 1148 praeesset.
1184 1096 1227 1134 et
1253 1094 1383 1135 ceteri
1409 1093 1454 1134 in
1480 1108 1579 1134 suas
1606 1093 1719 1147 quis·
1746 1102 1766 1133 8

153 1168 233 1208 que
266 1154 508 1208 provincias
542 1153 740 1207 profecti,
782 1156 823 1194 et
856 1153 1010 1207 quibus
1042 1155 1322 1207 prorogatum
1355 1152 1583 1207 imperium
1615 1154 1720 1206 erat,

150 1212 321 1254 easdem
354 1227 460 1266 quas
493 1213 626 1266 priori
659 1227 771 1253 anno
804 1212 1001 1266 regiones
1035 1212 1325 1253 obtinuerunt.

268 1271 336 1312 Ad
362 1271 668 1321 Hannibalem,
702 1286 799 1312 cum
832 1271 885 1312 ad
911 1271 1051 1312 lacum
1078 1270 1239 1311 Averni
1267 1273 1396 1320 esset,
1429 1270 1615 1325 quinque
1640 1284 1718 1311 no·
1735 1280 1788 1322 13

149 1330 259 1372 biles
299 1331 474 1371 iuvenes
519 1331 572 1371 ab
605 1330 793 1371 Tarento
827 1332 1053 1383 venerunt,
1096 1330 1256 1383 partim
1289 1329 1341 1370 ad
1375 1329 1717 1370 Trasumennum

150 1390 290 1431 lacum
329 1389 489 1443 partim
528 1389 580 1430 ad
614 1387 786 1431 Cannas
825 1389 939 1443 capti
977 1389 1222 1443 dimissique
1261 1388 1411 1430 domos
1445 1403 1539 1429 cum
1573 1388 1720 1429 eadem

150 1449 369 1502 comitate,
403 1463 486 1503 qua
518 1463 619 1489 usus
653 1448 858 1489 adversus
891 1462 1037 1489 omnes
1064 1446 1360 1489 Romanorum
1387 1447 1525 1489 socios
1553 1447 1721 1489 Poenus

149 1507 303 1548 fuerat.
353 1508 390 1547 ei
423 1521 634 1548 memores
667 1507 969 1548 beneficiorum
1002 1507 1094 1548 eius
1125 1507 1364 1561 perpulisse
1398 1520 1601 1561 magnam
1627 1521 1720 1560 par·
1748 1515 1768 1546 2

150 1569 238 1607 tem
271 1581 315 1607 se
347 1566 581 1607 iuventutis
601 1565 859 1607 Tarentinae
892 1565 1101 1619 referunt,
1132 1568 1180 1606 ut
1199 1565 1458 1607 Hannibalis
1486 1565 1723 1607 amicitiam

151 1639 199 1666 ac
245 1626 495 1667 societatem
539 1639 668 1679 quam
712 1625 860 1679 populi
901 1624 1087 1666 Romani
1131 1625 1328 1678 mallent,
1371 1625 1622 1680 legatosque
1668 1624 1722 1666 ab

152 1685 239 1725 suis
278 1685 432 1725 missos
474 1697 627 1739 rogare
659 1683 965 1738 Hannibalem,
1010 1687 1058 1725 ut
1090 1684 1322 1725 exercitum
1354 1684 1529 1738 propius
1563 1683 1722 1725 Taren-

148 1746 242 1784 tum
282 1743 519 1784 admoveat.
571 1743 606 1783 si
646 1743 770 1797 signa
812 1743 921 1797 eius,
965 1743 1001 1784 si
1041 1745 1181 1784 castra
1213 1744 1444 1796 conspecta
1476 1742 1721 1784 aTarento
1749 1752 1768 1782 3

151 1886 341 1925 venerunt,
380 1893 436 1917 wo
476 1882 540 1917 das
576 1886 736 1926 orantes,
776 1883 899 1927 gleich

974 1886 1031 1925 20,
1059 1886 1119 1924 143
1146 1883 1195 1916 ad
1221 1883 1340 1916 laeum
1369 1882 1514 1916 Timavi
1541 1881 1602 1926 41,
1632 1886 1662 1923 1,
1690 1886 1722 1925 2,

153 1930 308 1973 oraturi,
328 1929 491 1973 weniger
511 1929 662 1964 auffallt
682 1930 736 1964 als
756 1929 794 1963 in
811 1930 899 1964 Ver-

973 1929 1042 1963 wie
1087 1929 1181 1963 auch
1219 1929 1338 1963 Fluss-
1376 1929 1451 1963 und
1490 1929 1722 1973 Bergnamen

153 1976 321 2021 bindung
342 1976 410 2010 mit
436 1978 583 2018 mittere,
609 1976 678 2011 wie
700 1987 737 2011 es
761 1976 899 2020 gleich-

153 2024 238 2058 falls
272 2023 327 2058 oft
360 2023 547 2068 gcfunden
580 2023 673 2057 wird
711 2036 740 2058 z.
767 2024 806 2059 B.
840 2022 900 2066 25,

156 2075 210 2114 13,
237 2076 256 2105 2
291 2072 423 2114 quatos
448 2071 496 2106 ad
522 2071 771 2105 Hannibalem
799 2071 901 2105 mise-

154 2122 241 2152 runt
261 2122 415 2159 orantes,
442 2122 481 2151 ut
497 2146 504 2152 .
522 2146 548 2159 .‚
574 2129 630 2152 wo
651 2122 795 2152 orantes
814 2119 899 2152 Ace.

152 2166 203 2199 ist
240 2166 335 2200 nach
373 2164 439 2208 21,
473 2170 512 2208 6,
544 2170 562 2199 ³2
602 2166 710 2209 legati
747 2165 898 2200 Romam

155 2213 257 2247 missi
282 2213 465 2247 auoeilizcm
491 2216 644 2247 orantes.

201 2260 338 2304 eornm]
349 2259 488 2294 erkliirt
496 2260 561 2294 der
570 2259 901 2304 Zusammcnhang.

202 2311 233 2341 3.
268 2307 397 2352 Arpis]
426 2307 561 2342 ebenso
583 2310 602 2349 ἓ
623 2311 654 2341 5.
694 2306 800 2341 Nach
822 2306 900 2341 Liv.

154 2353 488 2398 Sprachgebrauch
509 2358 605 2388 wilre
632 2355 676 2388 ab
698 2355 814 2398 Arpis
838 2354 901 2388 das

155 2400 431 2444 gewohnlichm
482 2401 578 2435 dcnn
626 2401 664 2435 L.
716 2402 810 2435 setzt
860 2413 902 2435 zu

155 2447 424 2482 Stiidtenamen
453 2448 687 2491 vorwicgend
709 2460 731 2482 a
756 2448 830 2482 und
858 2449 902 2482 ab

156 2494 267 2528 hinzu
293 2494 435 2538 (Cicero
462 2507 494 2529 u.
518 2494 650 2529 Caesar
675 2495 748 2528 fast
773 2495 904 2529 111111161-

158 2542 252 2576 ohne
273 2543 394 2585 Priip„
422 2553 526 2575 wcnn
546 2541 597 2575 sie
617 2541 722 2575 nicht
741 2541 800 2575 die
819 2542 902 2576 Um-

156 2589 302 2633 gegend
327 2589 426 2623 einer
447 2588 556 2623 Stadt
580 2589 836 2630 bezeichnen„
864 2600 903 2623 so

157 2639 176 2676 ξ
204 2641 223 2671 6
250 2637 295 2670 ab
322 2636 490 2670 Luceria.
543 2640 596 2678 13,
628 2641 640 2669 1
672 2636 715 2669 ab
747 2635 904 2670 Tarento

157 2695 190 2718 u.
219 2685 337 2725 sonst3
365 2683 460 2717 doch
487 2695 512 2718 s.
541 2686 597 2725 30,
627 2686 680 2717 11.

211 2730 354 2775 Tifata]
394 2741 493 2763 mons
531 2731 721 2763 imminens
757 2729 905 2773 Capuae

158 2776 232 2820 (20,
260 2780 292 2820 5,
319 2780 366 2820 4),
396 2777 427 2819 7,
454 2781 516 2819 29,
544 2782 563 2810 ὓ
594 2777 809 2810 inminentes
837 2776 903 2811 Ca-

152 2834 253 2867 puae
277 2824 381 2858 colles
407 2825 580 2868 gcnannt.

207 2875 238 2904 4.
267 2872 314 2905 acl
334 2872 451 2906 lacum
472 2871 626 2916 Averni]
650 2870 784 2904 cbenso
804 2874 855 2912 13,
876 2875 902 2904 1.

973 1978 1052 2019 (13,
1087 1980 1106 2010 6
1145 1977 1193 2011 ad
1232 1977 1373 2011 Miseni
1412 1977 1721 2020 promunturium.

974 2027 1029 2067 41,
1052 2027 1073 2057 4
1100 2024 1149 2058 ad
1173 2027 1325 2058 montem
1357 2023 1551 2068 Victoriae)
1578 2023 1723 2058 biswei-

974 2071 1035 2104 len
1061 2071 1111 2105 im
1136 2070 1265 2106 Genet.
1293 2070 1537 2115 hinzugefi'igt
1562 2071 1722 2106 werden.

975 2118 1049 2152 Der
1084 2118 1311 2153 Avernersee
1350 2118 1482 2162 spielte
1521 2118 1572 2152 im
1608 2118 1723 2153 Aber-

974 2165 1138 2210 glauben
1183 2166 1246 2200 des
1290 2164 1430 2200 Volkes
1474 2165 1556 2200 eine
1598 2177 1724 2209 grosse

975 2213 1094 2256 Rosse,
1119 2212 1247 2247 indem
1267 2223 1354 2247 man
1374 2212 1524 2247 dorthin
1547 2213 1619 2246 den
1639 2213 1725 2247 Ein-

975 2271 1076 2305 gang
1102 2272 1164 2294 zur
1190 2260 1397 2294 Unterwclt
1423 2260 1615 2294 versetzte.

1024 2312 1055 2341 6.
1083 2308 1132 2341 ad
1149 2307 1357 2352 Luceriam]
1380 2307 1636 2351 hinzugesetzt
1654 2306 1722 2341 wie

976 2353 1035 2397 45,
1065 2358 1121 2396 17,
1148 2359 1167 2388 5
1198 2355 1350 2389 alterum
1382 2356 1564 2388 succedere
1594 2354 1632 2388 C.
1658 2354 1723 2388 Ia·-

976 2402 1073 2436 ez'nio
1104 2402 1145 2435 in
1179 2402 1340 2436 Galliam
1378 2404 1533 2444 oportet:
1573 2400 1626 2434 ‘in
1665 2400 1725 2435 die

977 2448 1129 2492 Gegend
1150 2460 1212 2482 um
1227 2449 1297 2490 L),
1323 2448 1392 2482 wie
1417 2452 1469 2491 14,
1491 2452 1505 2481 1
1535 2448 1584 2482 ad
1609 2447 1725 2482 Bene·

975 2499 1138 2537 ventam,
1168 2499 1221 2538 17,
1252 2500 1267 2529 1
1297 2496 1345 2529 ad
1371 2495 1516 2528 Nolam.

1026 2542 1088 2578 13.
1136 2546 1165 2576 1.
1208 2542 1366 2587 Poenas]
1402 2541 1589 2576 Hannibal
1622 2554 1648 2577 s.
1681 2554 1725 2576 zu

977 2593 1033 2631 47,
1062 2593 1094 2622 7.

1026 2640 1056 2669 ⁶2.
1081 2636 1253 2680 propius]
1276 2635 1343 2670 wic
1366 2640 1422 2678 41,
1444 2639 1464 2669 4
1486 2637 1641 2680 propius
1658 2648 1725 2680 pa-

978 2686 1059 2717 cata
1093 2683 1170 2717 loca
1196 2686 1318 2717 castra
1343 2684 1622 2725 eormnunz'vere;
1656 2683 1726 2718 mit

978 2729 1191 2773 auffalliger
1229 2730 1461 2774 Anastrophe
1506 2729 1571 2773 23,
1608 2734 1670 2774 46,
1704 2734 1724 2765 9

979 2776 1143 2820 Capuam
1156 2777 1314 2820 propius
1332 2778 1441 2811 movit
1462 2780 1592 2812 eastra.
1620 2777 1725 2813 Auch

972 2824 1140 2867 procrime
1178 2823 1315 2867 regiert
1353 2824 1411 2858 bei
1446 2823 1484 2858 L.
1525 2826 1616 2859 stets
1653 2825 1726 2860 den

979 2871 1076 2912 Ace„
1103 2883 1128 2904 s.
1157 2875 1213 2912 48,
1244 2875 1296 2905 11.
