1882 3163
1560 120 1585 138 a.
1607 121 1635 138 u.
1657 120 1680 138 c.
1707 114 1768 139 542.

199 100 252 141 78
689 100 835 136 LIBER
860 101 971 137 XXV.
1013 101 1114 137 CAP.
1142 106 1197 138 38.
1230 107 1287 138 39.

197 196 346 238 eodem
380 197 524 239 animo
555 197 601 238 in
634 201 774 239 castra
805 198 996 240 hostium
1029 198 1306 254 inrumpatis,
1338 213 1420 254 quo
1452 202 1604 241 vestra
1634 200 1767 241 tutati

196 254 330 297 estis’.

126 325 169 355 23
314 314 437 355 Laeti
470 317 513 356 et
545 314 715 356 audiere
749 316 803 357 ab
836 330 949 358 novo
982 316 1087 358 duce
1119 331 1280 358 novum
1315 318 1563 372 consilium,
1603 319 1646 358 et
1684 331 1767 371 quo

196 373 398 414 audacius
425 376 528 427 erat,
553 375 693 429 magis
718 375 930 429 placebat.
986 376 1197 430 reliquum
1225 375 1307 417 diei
1333 376 1608 431 expediendis
1636 376 1768 417 armis

197 435 240 473 et
266 432 485 474 curatione
512 447 739 487 corporum
765 437 1083 489 consumptum,
1109 437 1151 476 et
1175 435 1314 476 maior
1339 450 1438 489 pars
1464 436 1606 477 noctis
1633 435 1768 490 quieti

127 491 182 532 39
199 491 300 532 data
333 494 409 533 est.
466 494 619 546 quarta
650 493 802 548 vigilia
832 507 1014 535 movere.
1075 499 1198 535 erant
1236 494 1351 534 ultra
1382 509 1595 548 proxuma
1626 496 1768 536 castra

198 565 272 592 sex
303 550 469 592 milium
501 551 728 593 intervallo
762 552 974 594 distantes
1008 552 1119 594 aliae
1152 553 1299 606 copiae
1326 552 1583 595 Poenorum.
1634 553 1767 594 valles

199 624 304 650 cava
323 609 541 664 intererat,
567 610 782 652 condensa
802 611 1040 654 arboribus.
1083 612 1129 652 in
1153 611 1281 653 huius
1310 612 1440 653 silvae
1467 612 1607 654 medio
1633 611 1767 653 ferme

151 679 170 708 2
199 668 339 722 spatio
372 668 526 710 cohors
552 668 751 711 Romana
777 673 868 711 arte
895 670 1059 711 Punica
1091 670 1263 712 abditur
1296 673 1338 712 et
1364 672 1542 726 equites.
1597 671 1658 712 ita
1682 684 1768 711 me—

198 727 268 769 dio
301 727 455 768 itinere
487 728 728 783 intercepto
762 731 929 770 ceterae
961 729 1110 782 copiae
1153 729 1299 771 silenti
1331 731 1501 785 agmine
1535 729 1588 772 ad
1625 729 1769 784 proxi-

197 801 290 827 mos
329 786 471 828 hostis
511 787 662 828 ductae
702 790 744 829 et
789 802 886 829 cum
926 789 1056 830 statio
1094 788 1214 829 nulla
1252 803 1330 842 pro
1369 790 1507 843 portis
1543 803 1681 843 neque
1719 788 1766 830 in

197 845 310 887 vallo
343 845 564 887 custodiae
597 849 759 901 essent,
797 847 915 888 velut
953 847 999 887 in
1037 861 1114 888 sua
1153 849 1292 888 castra
1330 848 1448 889 nullo
1480 863 1661 903 usquam
1692 847 1767 889 ob-

151 916 170 945 3
200 904 378 946 sistente
418 907 707 958 penetravere.
780 905 879 946 inde
928 905 1053 960 signa
1094 908 1257 947 canunt
1299 909 1342 947 et
1383 907 1550 949 tollitur
1594 907 1766 948 clamor.

197 978 297 1017 pars
339 964 620 1005 semisomnos
658 964 798 1006 hostis
838 964 1037 1018 caedunt,
1078 979 1180 1018 pars
1217 965 1340 1019 ignes
1378 966 1488 1007 casis
1529 967 1766 1007 stramento

199 1022 318 1063 arido
351 1022 477 1064 tectis
509 1023 705 1077 iniciunt,
736 1038 837 1078 pars
870 1025 1019 1077 portas
1046 1027 1272 1078 occupant,
1303 1027 1352 1065 ut
1381 1024 1532 1080 fugam
1563 1025 1767 1066 interclu-

149 1093 170 1123 4
198 1081 315 1122 dant.
366 1081 513 1123 hostes
547 1082 674 1123 simul
699 1082 828 1138 ignis,
855 1083 1029 1136 clamor,
1061 1082 1210 1124 caedes
1242 1083 1360 1124 velut
1392 1083 1603 1125 alienatos
1634 1083 1767 1125 sensi-

151 1152 170 1181 5
197 1140 278 1181 bus
309 1154 389 1182 nec
422 1140 569 1182 audire
601 1155 680 1182 nec
707 1141 932 1196 providere
959 1141 1189 1196 quicquam
1217 1142 1374 1183 sinunt.
1430 1142 1626 1184 incidunt
1657 1142 1768 1183 iner-

198 1213 288 1240 mes
321 1200 433 1240 inter
465 1201 658 1241 catervas
691 1204 968 1242 armatorum.
1032 1201 1103 1242 alii
1136 1203 1266 1242 ruunt
1298 1201 1350 1242 ad
1381 1203 1553 1256 portas,
1586 1201 1660 1244 alii
1694 1201 1768 1242 ob-

151 1270 171 1301 6
199 1258 359 1312 saeptis
391 1257 618 1300 itineribus
646 1274 773 1314 super
799 1260 959 1301 vallum
986 1260 1157 1301 saliunt.
1213 1262 1256 1300 et
1280 1262 1329 1301 ut
1355 1261 1533 1315 quisque
1560 1262 1769 1314 evaserat,

198 1317 396 1371 protinus
430 1317 484 1359 ad
516 1321 659 1359 castra
691 1318 828 1360 altera
860 1319 1048 1374 fugiunt,
1078 1318 1152 1360 ubi
1186 1319 1239 1360 ab
1267 1319 1443 1361 cohorte
1476 1322 1519 1360 et
1550 1319 1767 1374 equitibus

199 1390 249 1417 ex
283 1377 449 1418 occulto
476 1378 827 1431 procurrentibus
855 1378 1135 1420 circumventi
1161 1377 1356 1432 caesique
1382 1378 1435 1419 ad
1461 1392 1592 1420 unum
1618 1390 1767 1419 omnes

152 1448 168 1478 7
200 1437 322 1489 sunt,
369 1450 631 1490 quamquam
676 1437 847 1479 etiamsi
892 1437 986 1492 quis
1026 1451 1077 1478 ex
1122 1450 1172 1478 ea
1213 1437 1340 1478 caede
1381 1436 1617 1492 effugisset,
1659 1437 1766 1478 adeo

197 1494 357 1548 raptim
384 1509 409 1536 a
435 1495 573 1549 captis
592 1496 867 1550 propioribus
893 1496 1047 1550 castris
1073 1496 1119 1541 in
1146 1496 1281 1537 altera
1305 1498 1599 1538 transcursum
1624 1498 1767 1538 castra

152 1565 171 1596 8
199 1553 252 1594 ab
285 1553 494 1595 Romanis
529 1556 605 1608 est,
636 1557 684 1596 ut
714 1556 965 1609 praevenire
998 1555 1175 1596 nuntius
1208 1555 1342 1596 cladis
1374 1569 1462 1597 non
1493 1557 1653 1610 posset.
1702 1554 1765 1595 ibi

198 1626 318 1666 vero,
350 1627 433 1667 quo
466 1613 638 1668 longius
672 1614 725 1655 ab
758 1614 882 1656 hoste
914 1615 1110 1667 aberant,
1143 1616 1185 1655 et
1217 1614 1316 1668 quia
1348 1614 1427 1655 sub
1460 1614 1598 1655 lucem
1630 1613 1769 1668 pabu-

199 1779 255 1818 27,
276 1779 295 1809 2
322 1776 400 1810 ‹lz'cc'
424 1776 609 1821 (lic-aeque,
637 1787 696 1811 ros
715 1778 839 1813 onmia
862 1778 947 1813 bene

198 1823 338 1857 iza-etis.

247 1873 303 1904 23.
338 1870 438 1915 laeti]
467 1882 494 1904 s.
522 1882 564 1904 zu
591 1875 646 1914 30,
674 1876 706 1905 4.

248 1917 376 1963 magis]
417 1919 508 1951 statt
543 1928 580 1952 eo
616 1920 751 1964 maguis,
796 1918 865 1952 wie
897 1920 947 1963 Leo

199 1974 265 1997 vor
303 1964 387 1997 dem
434 1963 671 2009 Comparativ
717 1965 772 1999 0st
815 1976 945 2010 ausge-

199 2010 323 2044 lassen
349 2010 459 2053 wird,
492 2023 519 2046 Z.
543 2012 579 2046 B.
611 2012 645 2055 2,
676 2016 732 2056 35,
761 2018 780 2047 6
807 2014 945 2048 venien-

199 2062 267 2092 tem
303 2058 423 2093 Volsci
448 2060 640 2104 beniynius
675 2061 716 2094 in
741 2061 835 2094 diem
860 2061 945 2095 cole-

200 2105 299 2147 bant,
325 2116 394 2149 qno
419 2107 536 2140 maior
562 2107 620 2141 ira
645 2108 838 2149 eminebat,
869 2107 943 2151 vgl.

199 2155 255 2193 39,
282 2155 314 2185 8.

246 2199 478 2242 expediendis
504 2200 631 2245 armis]
660 2212 686 2234 s.
714 2211 756 2234 zu
785 2204 839 2243 19,
869 2205 921 2235 14.

248 2245 397 2291 morere]
426 2256 452 2279 S.
481 2257 523 2278 zu
550 2250 582 2289 9,
611 2251 640 2281 7.

247 2292 307 2335 39,
325 2297 354 2327 1.
382 2293 576 2338 condensa]
600 2293 692 2327 eben
710 2304 749 2327 so
771 2293 841 2328 wie
860 2295 944 2329 clen-

198 2350 260 2374 sns
298 2339 525 2374 dichterisch
558 2357 602 2369 =
643 2339 771 2375 ‘dicht
804 2341 948 2376 besetzt

199 2386 268 2420 mit
294 2387 425 2421 etwas'
461 2387 550 2421 oder
579 2387 674 2421 ohne
700 2387 783 2422 Abl.
812 2405 856 2416 =
885 2387 945 2421 ‘in

199 2433 353 2468 dichten
386 2433 529 2468 Reihen
561 2434 748 2478 stehend',
782 2433 853 2469 wie
884 2435 944 2479 26,

200 2485 232 2523 5,
261 2484 303 2515 13
332 2483 511 2516 condensa
538 2483 642 2517 acies.

249 2532 279 2562 2.
306 2529 422 2563 «medio
446 2530 575 2564 itinere
594 2529 806 2575 intercepto]
832 2529 945 2564 nach-

201 2574 285 2608 dem
306 2585 346 2609 so
368 2575 433 2609 der
445 2575 553 2620 Weg,
569 2575 730 2610 welcher
744 2576 809 2610 das
825 2575 946 2620 Lagei·

201 2621 265 2655 des
285 2621 395 2666 Mago
422 2622 492 2656 mit
518 2623 602 2657 dem
628 2622 800 2665 zweiten,
827 2623 945 2656 wahr—

201 2668 407 2702 scheinhch
450 2680 523 2704 von
570 2669 780 2704 Hasdrubal
818 2669 944 2704 befeh-

200 2714 331 2758 ligten,
358 2716 478 2761 Lagei·
497 2716 661 2751 verband
684 2718 723 2761 (s.
747 2721 765 2759 ξ
790 2718 865 2761 14),
889 2716 944 2750 ‘in

201 2761 265 2794 der
290 2762 399 2796 Mitte
425 2764 571 2808 verlegt
598 2765 701 2798 war'.

248 2812 280 2842 3.
307 2810 413 2854 signa
433 2811 586 2856 canunt]
617 2811 800 2845 ‘ertonen’
824 2810 943 2855 (odem

203 2855 257 2888 ‘es
277 2854 408 2890 blasen
429 2857 489 2890 die
509 2857 784 2902 Trompeten’);
811 2857 944 2892 anders

1020 1777 1221 1810 eorm‘cines
1255 1780 1410 1819 cantent,
1448 1775 1613 1810 namheh
1651 1787 1766 1812 cornu

1022 1823 1091 1857 ‘sie
1116 1823 1249 1857 blasen
1275 1822 1357 1856 auf’
1383 1851 1389 1857 .
1412 1851 1418 1857 .

1066 1875 1098 1905 4.
1126 1870 1250 1916 simul]
1276 1880 1408 1914 wegen
1434 1870 1499 1904 der
1520 1869 1691 1914 8161111119,-
1711 1871 1766 1904 at-

1019 1917 1178 1952 tributiv
1204 1928 1247 1951 zu
1271 1917 1448 1959 nehmen;
1477 1929 1502 1952 s,
1530 1929 1573 1950 zu
1599 1921 1631 1961 9,
1659 1921 1690 1951 2.

1066 1966 1244 2000 alienatos
1268 1965 1446 2010 sensibus]
1483 1965 1646 1999 alienare
1670 1963 1765 1998 wird

1019 2011 1058 2045 in
1084 2012 1149 2046 der
1174 2011 1263 2046 Bed.
1294 2011 1555 2046 ‘entfremden’
1583 2010 1654 2045 mit
1679 2011 1765 2045 dem

1019 2058 1104 2093 Dat.
1127 2059 1216 2093 oder
1241 2058 1436 2103 (haufiger)
1463 2058 1534 2092 mit
1559 2070 1583 2093 a
1607 2058 1764 2092 verbun-

1020 2106 1107 2148 den3
1146 2105 1227 2139 hier
1263 2104 1314 2139 ist
1343 2107 1505 2140 sensibus
1536 2104 1638 2148 AbL,
1677 2105 1764 2139 weil

1019 2154 1180 2187 alienare
1201 2169 1244 2181 =
1265 2153 1425 2187 alienum
1440 2154 1558 2195 facere
1578 2151 1658 2186 sich
1678 2152 1763 2185 dem

1019 2199 1161 2243 Begriff
1183 2199 1247 2233 des
1273 2198 1485 2233 Beraubens
1510 2199 1652 2233 n'ahert.

1066 2252 1098 2281 5.
1112 2247 1283 2281 incidunt
1298 2274 1304 2280 .
1321 2274 1327 2280 .
1343 2246 1452 2291 inter]
1471 2245 1666 2290 ‘gerathen
1679 2244 1763 2278 zwi—

1019 2293 1133 2327 schen
1153 2292 1213 2327 die
1234 2321 1240 2327 .
1264 2293 1287 2327 ,²
1311 2310 1354 2322 =
1376 2294 1416 2327 in
1433 2294 1570 2328 medias
1589 2296 1763 2328 catervas.

1067 2345 1097 2373 6.
1113 2344 1153 2375 ut
1165 2340 1328 2385 quisque]
1347 2340 1515 2374 ‘allemal
1526 2350 1633 2374 wenn
1644 2339 1760 2374 einer’

1020 2405 1062 2416 =
1083 2386 1203 2431 jeder,
1229 2387 1391 2421 welcher
1411 2416 1418 2422 .
1441 2402 1467 2429 ,ς
1495 2398 1521 2421 s.
1549 2399 1591 2421 zu
1617 2390 1674 2429 22,
1700 2391 1734 2421 5.

1068 2439 1098 2469 7.
1126 2435 1267 2469 etiamsi
1294 2462 1300 2468 .
1324 2462 1330 2468 .
1358 2434 1553 2480 effuyisset]
1580 2444 1683 2468 wozu
1706 2433 1762 2467 als

1017 2481 1204 2515 Nachsatz
1230 2481 1334 2515 hatte
1360 2480 1488 2526 folgen
1513 2484 1679 2514 mfissen:
1708 2484 1763 2515 ta·

1018 2540 1097 2564 ¹men
1117 2529 1331 2572 praevenire
1355 2540 1391 2563 n.
1418 2539 1492 2563 non
1510 2529 1650 2572 potuim
1684 2527 1761 2560 die-

1020 2586 1078 2609 ser
1104 2575 1187 2609 Satz
1218 2575 1269 2608 ist
1300 2576 1389 2610 aber
1413 2586 1488 2609 von
1513 2575 1601 2609 adeo
1625 2574 1762 2618 raptim

1018 2627 1269 2658 transcursum
1283 2626 1333 2657 est
1347 2621 1537 2666 abh'angig
1551 2620 1760 2672 geworden.

1065 2673 1097 2704 8.
1125 2680 1194 2713 quo
1214 2670 1372 2715 Ionyius]
1400 2681 1426 2703 S.
1451 2680 1495 2703 zu
1514 2671 1570 2711 38,
1591 2672 1652 2709 233
1678 2667 1761 2701 11161

1019 2716 1164 2751 seheint
1202 2715 1415 2750 ausserdem
1454 2715 1514 2749 die
1545 2713 1762 2759 Einfi'igung

1018 2764 1082 2797 des
1117 2763 1243 2797 Satzes
1275 2767 1307 2798 et
1337 2764 1426 2808 quia
1451 2762 1542 2795 dazu
1575 2761 1763 2805 beigetra-

1017 2821 1089 2854 gen
1115 2822 1157 2843 zu
1183 2809 1322 2853 haben,
1349 2810 1435 2843 dass
1462 2808 1522 2842 die
1548 2807 1767 2852 Beziehung,

1017 2868 1058 2891 zu
1085 2868 1154 2902 quo
1181 2858 1323 2903 longius
1347 2855 1575 2890 unbeaehtet
1600 2854 1713 2890 blieb.
