1882 3163
94 656 150 699 35

161 78 217 118 72
622 77 768 113 LIBER
793 77 924 113 XXIII.
976 77 1076 115 CAP.
1103 83 1160 114 34,
1187 83 1242 115 35.

1565 95 1590 114 a.
1610 96 1639 114 u.
1660 89 1724 115 539.

160 187 280 241 perio
315 200 439 240 quem
471 186 554 239 ipsi
580 185 808 240 videretur,
841 187 912 241 qui
937 200 1026 228 rem
1052 189 1231 242 gereret,
1263 187 1401 243 quoad
1428 186 1595 229 Mucius
1621 202 1723 229 con-

103 256 147 287 15
161 246 376 287 valuisset.
429 245 481 285 ad
514 259 607 285 eam
640 259 730 286 rem
762 245 919 287 missus
952 248 1017 287 est
1049 245 1097 287 Τ.
1128 245 1314 288 Manlius
1348 246 1610 300 Torquatus,
1651 247 1724 301 qui

161 305 228 346 bis
262 304 413 345 consul
447 305 489 345 et
521 317 671 345 censor
701 303 853 358 fuerat,
886 305 1199 359 subegeratque
1225 305 1269 346 in
1298 305 1525 347 consulatu
1552 303 1723 347 Sardos

104 374 147 405 16
163 363 241 404 sub
281 362 393 403 idem
431 361 518 403 fere
557 365 727 417 tempus
767 365 809 403 et
846 377 870 404 a
903 362 1167 418 Carthagine
1206 364 1252 405 in
1292 363 1534 405 Sardiniam
1572 364 1723 405 classis

164 422 300 463 missa
333 421 437 462 duce
469 420 754 475 Hasdrubale,
786 422 853 463 cui
886 421 1016 464 Calvo
1049 436 1290 477 cognomen
1322 425 1431 475 erat,
1463 421 1587 464 foeda
1618 424 1725 463 tem·

105 492 146 523 17
165 482 331 535 pestate
358 482 511 521 vexata
539 480 591 521 ad
618 479 801 522 Baliaris
833 481 995 522 insulas
1021 481 1216 536 deicitur,
1248 481 1394 536 ibique
1419 505 1477 510 —
1504 481 1609 522 adeo
1635 495 1724 522 non

163 541 432 580 armamenta
463 539 609 592 modo,
655 539 728 581 sed
773 539 901 581 etiam
945 541 1054 581 alvei
1085 541 1259 582 navium
1293 540 1483 595 quassati
1514 541 1637 581 erant
1671 563 1723 568 —

169 598 404 640 subductae
424 612 556 639 naves
577 598 676 639 dum
698 598 958 652 reficiuntur,
979 599 1246 653 aliquantum
1266 599 1474 653 temporis
1499 599 1728 640 triverunt.

283 657 334 698 In
359 656 501 709 Italia,
533 671 628 698 cum
654 660 753 711 post
778 655 1046 699 Cannensem
1072 672 1259 712 pugnam
1285 658 1431 700 fractis
1458 658 1596 711 partis
1623 657 1729 698 alte-

126 727 145 756 2
166 717 254 757 rius
280 716 456 769 viribus,
484 716 660 756 alterius
680 716 861 758 mollitis
889 717 1046 757 animis
1068 717 1240 771 segnius
1261 717 1421 758 bellum
1449 718 1574 770 esset,
1601 714 1727 757 Cam-

166 775 268 829 pani
300 789 375 828 per
415 789 458 815 se
498 774 636 816 adorti
675 777 775 816 sunt
812 789 904 816 rem
938 773 1175 816 Cumanam
1216 790 1315 816 suae
1356 775 1533 816 dicionis
1572 775 1730 827 facere,

167 834 307 887 primo
342 833 642 886 sollicitantes,
679 836 728 874 ut
767 834 819 874 ab
853 833 1060 875 Romanis
1101 834 1349 887 deficerent,
1393 835 1465 875 ubi
1499 833 1541 874 id
1573 848 1727 887 parum

123 903 143 934 3
166 892 388 947 processit,
420 891 563 933 dolum
592 892 645 933 ad
673 892 900 946 capiendos
933 906 1005 934 eos
1038 896 1286 946 conparant.
1337 891 1567 946 Campanis
1595 892 1728 933 omni·

166 952 245 992 bus
274 954 434 992 statum
462 951 717 992 sacrificium
745 951 797 992 ad
824 950 988 992 Hamas
1014 954 1113 992 erat.
1159 965 1207 993 eo
1236 953 1432 992 senatum
1460 949 1729 1004 Campanum

164 1012 395 1051 venturum
428 1010 629 1050 certiores
663 1009 878 1051 Cumanos
910 1009 1119 1055 fecerunt:
1153 1010 1465 1064 petieruntque,
1495 1011 1544 1049 ut
1575 1011 1616 1049 et
1648 1007 1733 1050 Cu-

168 1083 323 1109 manus
363 1083 412 1109 eo
453 1071 626 1109 senatus
666 1069 829 1110 veniret
867 1068 920 1109 ad
965 1069 1295 1110 consultandum
1340 1067 1640 1120 communiter,
1683 1070 1732 1108 ut

125 1139 147 1169 4
169 1127 339 1168 eosdem
372 1130 552 1181 uterque
585 1127 769 1181 populus
803 1128 942 1169 socios
974 1127 1204 1182 hostesque
1236 1127 1431 1168 haberet:
1470 1126 1731 1180 praesidium

166 1186 227 1227 ibi
260 1188 473 1227 armatum
508 1200 551 1227 se
583 1186 828 1240 habituros,
860 1200 912 1227 ne
946 1186 1047 1240 quid
1080 1187 1132 1227 ab
1165 1186 1362 1227 Romano
1395 1185 1591 1227 Poenove
1622 1185 1732 1239 peri-

168 1245 252 1286 culi
286 1248 409 1286 esset.
462 1243 662 1297 Cumani,
703 1260 963 1299 quamquam
997 1247 1195 1299 suspecta
1226 1245 1343 1286 fraus
1377 1247 1485 1298 erat,
1517 1243 1626 1284 nihil
1659 1244 1732 1284 ab·

168 1318 310 1356 nuere,
342 1304 404 1344 ita
438 1303 523 1358 tegi
556 1304 687 1344 fallax
721 1304 948 1345 consilium
980 1318 1106 1358 posse
1139 1304 1232 1345 rati.

287 1362 465 1403 Interim
499 1361 563 1403 Ti.
597 1361 873 1417 Sempronius
913 1363 1061 1405 consul
1103 1363 1323 1404 Romanus
1364 1360 1608 1415 Sinuessae,
1649 1375 1736 1416 quo

169 1490 277 1524 einen
312 1490 514 1534 Proprator
552 1489 620 1523 mit
660 1489 779 1524 einem
816 1490 911 1524 selb-

169 1536 381 1581 standigen,
425 1547 509 1571 vom
550 1537 664 1571 Senat
702 1538 790 1571 oder
827 1549 914 1572 vom

168 1583 269 1618 Volk
314 1584 549 1617 verliehenen
592 1584 825 1618 Kommando
876 1584 914 1618 in

168 1631 299 1665 dessen
325 1631 480 1665 Provinz
507 1643 549 1664 zu
574 1631 722 1664 senden.

217 1677 333 1723 quem]
367 1677 554 1712 entweder
582 1694 625 1706 ==
652 1689 753 1721 quem
778 1678 914 1712 mittere

171 1725 259 1759 oder
286 1742 330 1752 =
357 1735 458 1768 quem
482 1725 694 1759 mittendum
720 1735 800 1759 esse.

221 1775 274 1805 15.
318 1772 358 1807 T.
394 1771 581 1816 Blanlz'us]
623 1771 705 1816 Vgl.
739 1784 781 1805 zu
819 1772 913 1816 Kap.

171 1822 227 1861 22,
247 1822 276 1853 7.
310 1818 377 1853 Die
392 1818 678 1862 Unterwerfung
700 1818 914 1853 Sardiniens

171 1866 306 1910 gehort
320 1865 358 1899 in
373 1865 451 1899 sein
466 1868 581 1899 erstes
593 1865 784 1900 Konsulat.
807 1865 914 1900 Seine

171 1913 354 1957 Landung
379 1913 471 1946 wird
496 1911 590 1957 Kap.
611 1916 668 1955 40,
689 1916 708 1946 2
737 1913 890 1947 erzahlt.

223 1976 276 2006 16.
298 1971 550 2016 Hasdrubale]
572 1971 654 2016 Vgl.
678 1971 769 2015 Kap.
786 1975 842 2015 32,
860 1976 912 2006 12.

173 2039 215 2044 -—
235 2018 361 2063 Calvo]
384 2018 448 2052 Bei
463 2030 601 2060 nomm,
622 2029 813 2063 coynomen
826 2019 916 2053 mihi

173 2069 223 2100 est
248 2066 315 2099 hat
340 2065 419 2100 Liv.
447 2066 613 2109 haufiger
639 2066 709 2099 den
740 2065 915 2109 pradilia-

173 2112 275 2146 tiven
296 2112 407 2146 Dativ
427 2111 534 2156 (Kap.
557 2116 611 2154 37,
636 2114 704 2156 10),
729 2111 856 2146 Cicero
877 2112 916 2146 in

175 2159 238 2193 der
272 2159 387 2202 Regel
420 2159 491 2192 den
516 2158 734 2193 Nominativ
760 2159 917 2203 (Drager

176 2206 218 2239 H.
241 2204 273 2239 S.
296 2206 346 2247 1²,
370 2206 464 2248 434).

225 2256 278 2286 17.
300 2252 387 2286 adeo
406 2251 515 2285 leitet-
534 2251 593 2285 bei
612 2251 738 2286 Livius
760 2251 813 2286 oft
834 2251 915 2286 eine

177 2298 490 2333 1.achdr1'ickliche
535 2298 780 2342 Best‘atigung
827 2298 917 2332 oder

179 2346 429 2389 Begriindung
455 2345 513 2379 ein
540 2344 653 2388 (XXI,
677 2349 732 2388 11,
756 2350 790 2388 13
818 2349 874 2387 20,
895 2349 917 2379 4

176 2406 210 2427 u.
235 2396 272 2433 8;
301 2396 356 2434 57,
380 2395 447 2436 14).

225 2441 309 2483 aliq.
330 2443 432 2483 temp.
454 2439 648 2484 triverunt]
670 2439 738 2473 Die
757 2438 817 2472 bei
837 2438 916 2473 Liv.

178 2487 263 2520 sehr
294 2487 441 2530 haufige
473 2485 610 2520 Phrase
643 2490 780 2530 tempus
810 2489 918 2520 terere

177 2533 270 2566 wircl
308 2536 410 2568 sonst
447 2545 516 2566 nur
548 2532 617 2567 mit
648 2532 918 2577 personlichem

180 2580 336 2624 Subjekt
362 2580 582 2625 gebraucht3
612 2580 662 2613 ist
687 2580 746 2614 ein
773 2579 917 2614 solches

178 2626 283 2661 nicht
302 2627 531 2671 angegeben,
553 2637 592 2660 so
614 2627 714 2661 steht
735 2628 836 2661 sonst
852 2626 917 2660 das

179 2673 309 2708 Passiv
336 2678 471 2718 tempus
497 2674 636 2708 teritur.

228 2743 330 2787 Kap.
353 2747 515 2778 35—37.
545 2742 820 2787 Niederlage
847 2743 922 2777 der

182 2788 430 2834 Campaner
459 2790 533 2825 bei
565 2791 719 2833 Harma,
758 2790 923 2824 Hanni-

180 2835 280 2870 bale
300 2837 624 2881 vergeblicher
643 2837 830 2881 Angriff
849 2836 928 2871 auf

987 1490 1138 1531 Cum&
1179 1490 1252 1524 die
1284 1489 1451 1523 Punier
1483 1500 1560 1523 aus
1591 1487 1733 1522 Luca—

986 1537 1090 1572 nien
1116 1549 1150 1571 u.
1178 1536 1406 1571 Samnium
1432 1535 1707 1570 vertrieben.

1035 1607 1098 1641 35.
1141 1611 1170 1641 1.
1201 1607 1242 1641 in
1268 1606 1404 1652 Italia]
1434 1605 1737 1650 vorausgestent,

987 1666 1051 1688 um
1077 1653 1329 1688 fiber-zuleiten
1354 1664 1427 1687 von
1454 1653 1526 1686 den
1545 1651 1731 1696 Ereignis-

988 1712 1052 1735 sen
1071 1700 1109 1734 in
1131 1699 1321 1734 Sardinien
1345 1712 1387 1733 zu
1408 1699 1526 1734 denen
1545 1700 1584 1733 in
1601 1699 1733 1733 Unter-

987 1747 1129 1782 italien.
1168 1767 1214 1772 -—
1257 1747 1419 1791 mollitis]
1471 1745 1739 1789 „erschlafft“,

988 1795 1104 1829 durch
1148 1794 1218 1829 den
1264 1793 1485 1828 Aufenthalt
1528 1793 1566 1826 in
1605 1792 1736 1837 Capua

989 1841 1095 1886 (Kap.
1114 1844 1168 1883 18,
1192 1845 1233 1875 10
1248 1841 1325 1885 fg).
1343 1861 1386 1866 --
1407 1840 1568 1885 sequius]
1591 1839 1645 1874 oft
1665 1839 1735 1874 mit

990 1889 1136 1931 bellum,
1176 1889 1357 1932 proelium
1398 1887 1630 1921 verbunden:
1676 1890 1735 1929 22,

989 1940 1045 1978 48,
1072 1940 1110 1977 53
1139 1936 1212 1980 vgl.
1240 1947 1284 1969 zu
1310 1934 1403 1979 Kap.
1431 1938 1486 1978 29,
1516 1937 1568 1968 10.

1037 1998 1068 2030 2.
1110 2005 1176 2038 per
1213 1994 1264 2039 se]
1304 1993 1398 2028 ohne
1436 2003 1509 2027 von
1546 1990 1733 2026 Hannibal

988 2042 1217 2076 unterstiitzt
1249 2052 1291 2075 zu
1325 2041 1414 2075 sein.
1446 2059 1485 2063 —
1513 2049 1586 2073 rem
1613 2038 1732 2083 Cum]

991 2088 1107 2123 Cuma
1145 2099 1221 2122 war
1259 2087 1363 2121 nicht
1400 2086 1470 2120 mit
1499 2086 1628 2129 Capua
1661 2096 1736 2118 von

990 2136 1061 2169 den
1099 2135 1260 2168 Romern
1305 2132 1516 2177 abgefallen
1561 2131 1651 2175 (vgl.
1690 2143 1734 2164 zu

990 2181 1082 2225 Καρ.
1111 2184 1166 2223 31,
1196 2182 1263 2223 10).

1037 2227 1259 2272 conparant]
1286 2226 1373 2260 Man
1400 2226 1574 2260 erwartet
1600 2235 1732 2268 conpa-

990 2278 1113 2309 rantes
1137 2274 1175 2308 in
1197 2274 1481 2318 Entsprechung
1506 2271 1576 2306 mit
1601 2272 1732 2306 sollici-

991 2325 1127 2362 tantes;
1153 2321 1272 2355 damit
1297 2320 1386 2354 aber
1409 2319 1510 2354 diese
1531 2319 1737 2362 Handlung

991 2369 1045 2403 als
1084 2367 1279 2412 wichtiger
1317 2366 1523 2409 erscheine,
1558 2365 1651 2399 wird
1684 2366 1737 2399 sie

992 2415 1222 2459 selbst'andig
1238 2414 1467 2459 hingestellt,
1489 2412 1646 2458 parallel
1666 2412 1739 2446 mit

993 2462 1116 2496 adorti
1140 2465 1236 2496 sunt.

1040 2513 1071 2542 3.
1111 2506 1264 2553 stdtum]
1304 2506 1559 2552 regelmassig.
1599 2518 1642 2540 zu
1673 2506 1735 2540 be-

994 2556 1186 2590 stimmten
1213 2555 1340 2589 Zeiten
1366 2553 1681 2588 wiederkehrend.

1040 2606 1070 2636 4.
1104 2603 1224 2645 fallam
1249 2601 1360 2646 cons]
1393 2601 1451 2635 ihr
1483 2601 1632 2643 eigener
1658 2599 1735 2633 An-

997 2650 1145 2694 schlag,
1172 2649 1255 2683 dem
1281 2647 1423 2682 Konsul
1449 2647 1529 2681 eine
1556 2645 1736 2690 Gelegen-

996 2696 1075 2730 heit
1094 2708 1157 2730 zur
1170 2695 1426 2738 Vel-nichtung
1447 2694 1511 2728 der
1531 2692 1740 2737 Campaner

996 2754 1040 2776 zu
1066 2742 1297 2777 verschaffen
1322 2743 1356 2785 (ξ
1379 2745 1421 2775 10
1435 2740 1511 2784 fg.).

1045 2793 1076 2824 5.
1110 2789 1194 2833 quo]
1220 2800 1293 2824 von
1320 2788 1384 2822 der
1409 2797 1548 2831 ganzen
1573 2785 1737 2820 Redens-

998 2838 1056 2870 art
1075 2837 1123 2871 ad
1143 2846 1284 2871 convert.
1307 2835 1398 2870 diem
1423 2834 1516 2869 cclix.
1538 2832 1739 2877 abhangig,
