1882 3163
136 833 179 864 10

137 893 178 923 11

138 1070 179 1100 12

139 1248 180 1277 13

138 1366 180 1396 14

206 121 259 162 76
714 120 859 155 LIBER
883 119 1030 155 XXIIII.
1070 119 1170 156 CAP.
1197 124 1253 155 45.
1533 137 1564 155 a.
1591 138 1621 156 u..
1647 138 1671 156 e.
1697 131 1760 158 541.

205 230 341 272 redire
369 230 421 271 ad
455 244 526 272 eos
553 244 639 271 non
665 229 802 283 liceat,
835 228 900 269 cui
928 228 1103 270 dubium
1129 242 1232 282 esse,
1265 228 1367 282 quin
1392 229 1511 270 brevi
1537 229 1762 284 desperata

207 289 259 331 ab
287 289 413 331 sociis
435 289 630 331 Romana
658 303 725 329 res
756 287 998 329 foederibus
1022 287 1197 329 Punicis
1225 287 1370 328 omnia
1394 287 1438 328 in
1462 287 1591 330 Italia
1617 289 1762 330 iuncta

205 349 349 390 visura
382 347 467 389 sit‘?
513 363 557 389 se
582 350 728 389 tamen
752 361 839 388 non
865 361 960 388 eum
987 361 1090 399 esse,
1122 346 1193 401 qui
1214 345 1379 388 Altinio
1406 347 1505 388 fidei
1535 347 1762 402 quiequam

206 410 378 449 censeat
409 407 671 460 habendum,
714 406 787 447 sed
819 406 1002 447 mediam
1035 408 1278 448 secuturum
1305 406 1474 447 consilii
1506 407 1632 448 viam.
1691 421 1762 448 ne-

205 481 286 521 que
325 467 436 508 enim
474 481 551 521 pro
592 466 714 507 hoste
754 479 891 521 neque
930 479 1008 519 pro
1047 465 1162 506 socio
1201 465 1247 505 in
1284 465 1527 518 praesentia
1566 465 1762 507 habitum

204 526 340 567 libera
371 525 566 567 custodia
596 525 709 566 haud
737 525 886 579 procul
913 539 937 565 a
963 524 1113 566 castris
1146 524 1311 578 placere
1338 524 1383 565 in
1415 524 1557 579 aliqua
1588 525 1673 566 fida
1705 525 1760 567 ci-

205 585 338 626 vitate
372 599 467 626 eum
495 584 657 626 servari
682 598 757 638 per
781 584 884 625 belli
914 586 1101 637 tempus:
1134 585 1378 637 perpetrato
1406 583 1520 625 bello
1547 586 1639 625 tum
1666 599 1762 626 con-

205 644 463 698 sultandum‚
493 646 638 685 utrum
670 643 785 697 prior
817 642 995 684 defectio
1021 643 1117 696 plus
1145 642 1297 683 merita
1324 643 1379 683 sit
1409 657 1584 696 poenae,
1611 658 1666 684 an
1691 643 1762 685 hic

204 703 365 744 reditus
397 703 557 744 veniae.
622 702 759 744 Fabio
793 702 1019 743 adsensum
1052 704 1127 754 est,
1160 700 1414 756 Calenisque
1446 701 1600 757 legatis
1631 703 1763 743 tradi-

204 764 274 804 tus
308 765 350 804 et
387 763 478 817 ipse
517 765 560 803 et
597 762 792 814 comites3
831 764 874 802 et
911 761 1002 801 auri
1043 761 1148 802 satis
1186 774 1389 815 magnum
1427 761 1613 815 pondus,
1653 761 1763 816 quod
1796 799 1802 806 .

207 836 349 863 secum
380 822 602 876 attulerat,
642 821 680 861 ei
713 820 871 861 servari
902 820 1075 860 iussum.
1138 818 1310 861 Calibus
1350 834 1445 860 eum
1482 820 1666 862 interdiu
1699 835 1764 862 so-

207 881 343 922 lutum
377 881 572 922 custodes
601 880 900 934 sequebantur,
931 881 1054 920 nocte
1081 878 1271 919 clausum
1298 879 1592 922 adservabant.
1635 879 1764 933 Arpis

209 940 322 981 domi
355 940 541 994 primum
574 938 805 980 desiderari
832 937 1061 993 quaerique
1094 939 1160 978 est
1191 938 1515 992 coeptusydein
1541 938 1658 980 fama
1688 953 1764 993 per

206 1001 343 1040 totam
376 999 523 1040 urbem
556 998 733 1053 volgata
764 997 998 1039 tumultum
1030 999 1078 1038 ut
1109 996 1300 1050 principe
1334 997 1491 1038 amisso
1523 997 1641 1051 fecit,
1678 1011 1764 1038 me-

206 1061 338 1112 tuque
371 1072 512 1098 rerum
543 1072 750 1099 novarum
791 1056 1004 1110 extemplo
1042 1055 1184 1097 nuntii
1222 1055 1353 1096 missi.
1416 1056 1569 1110 quibus
1608 1070 1765 1110 nequa-

209 1132 334 1171 quam
369 1117 554 1158 offensus
581 1116 763 1170 Poenus,
795 1116 894 1170 quia
927 1118 969 1156 et
1000 1115 1141 1169 ipsum
1172 1116 1220 1155 ut
1248 1114 1474 1169 ambiguae
1502 1115 1602 1156 fidei
1626 1115 1766 1156 virum

210 1180 453 1230 suspectum
485 1175 572 1217 iam
603 1175 768 1229 pridem
800 1174 988 1215 habebat
1020 1177 1063 1215 et
1094 1188 1266 1215 causam
1297 1176 1448 1215 nactus
1476 1176 1566 1215 erat
1591 1176 1681 1215 tam
1707 1174 1766 1215 di-

210 1236 267 1277 tis
299 1235 487 1276 hominis
514 1235 628 1276 bona
659 1233 904 1289 possidendi
936 1233 1247 1287 vendendique:
1280 1235 1467 1274 ceterum
1493 1235 1540 1274 ut
1564 1233 1653 1274 irae
1679 1247 1767 1274 ma-

209 1295 274 1350 gis
297 1310 424 1349 quam
452 1294 656 1335 avaritiae
685 1294 830 1334 datum
857 1292 1078 1334 crederent
1104 1292 1310 1345 homines,
1343 1292 1636 1334 crudelitatem
1664 1307 1765 1347 quo-

207 1368 287 1409 que
327 1353 521 1394 aviditati
560 1353 722 1394 addidit
767 1352 1074 1406 coniugemque
1125 1351 1214 1392 eius
1252 1366 1301 1392 ae
1344 1351 1501 1393 liberos
1540 1351 1585 1392 in
1627 1354 1768 1393 castra

208 1413 389 1467 accitos,
429 1413 677 1467 quaestione
715 1411 832 1466 prius
864 1411 1014 1452 habita
1045 1411 1228 1465 primum
1260 1410 1310 1451 de
1342 1410 1445 1466 fuga
1477 1410 1636 1465 Altini,
1671 1410 1768 1452 dein

207 1565 393 1598 clinatura
419 1565 558 1599 animos
582 1564 773 1598 videbatur
797 1564 845 1598 ad
863 1554 950 1598 vete-

206 1613 259 1646 ris
284 1612 429 1656 imperii
453 1615 657 1656 respectum.

1069 1566 1111 1597 ut
1129 1564 1300 1606 principe
1325 1562 1472 1607 amisso]
1498 1565 1539 1596 ut
1565 1579 1608 1591 =
1632 1565 1674 1596 ut
1695 1573 1768 1606 par

1023 1613 1119 1651 erat‚·
1149 1621 1216 1644 vor
1245 1609 1363 1644 einem
1389 1609 1471 1644 Abl.
1498 1609 1574 1644 abs.
1608 1610 1700 1644 setzt
1725 1609 1766 1644 L.

255 1675 285 1705 6.
323 1672 449 1705 visura
472 1671 535 1716 sit]
563 1670 622 1705 die
648 1669 950 1704 Personification

206 1729 279 1752 von
304 1729 358 1752 res
384 1718 429 1752 R.
456 1718 505 1753 ist
530 1717 826 1762 ungewohnlich.

256 1782 285 1811 7.
322 1778 475 1812 mediam
499 1780 704 1811 secuturum
730 1776 874 1810 consilii
897 1776 949 1810 vi-

207 1826 281 1870 am]
327 1842 370 1853 =
408 1825 563 1859 medium
606 1824 814 1865 consilium,
860 1823 950 1857 kurz

210 1872 333 1906 ‘einen
358 1871 565 1916 Mittelweg
597 1870 848 1916 einschlagen’
880 1870 949 1904 wie

207 1919 242 1963 9,
263 1924 295 1962 3,
316 1923 356 1953 11
384 1920 502 1954 media
526 1920 588 1953 via
613 1918 757 1952 consilii
783 1918 950 1962 capitur,-

208 1967 339 2001 anders
366 1967 419 2001 als
444 1967 526 2001 hier
550 1966 600 2000 ist
624 1966 723 2010 sequi
747 1965 951 2009 gebraucht

207 2014 241 2055 5,
269 2018 300 2056 5,
330 2018 370 2048 11
398 2015 519 2058 ,videte
549 2017 634 2057 quot
664 2023 730 2054 res,
761 2024 869 2056 quam
894 2013 950 2046 in·

209 2062 312 2095 utiles
336 2064 534 2105 sequantur
559 2061 660 2094 illam
684 2060 782 2094 viam
806 2060 951 2094 consilii

211 2107 351 2152 ‘folgen
377 2108 443 2141 auf
468 2107 554 2151 jene
580 2107 768 2151 Richtung
792 2107 856 2140 des
882 2106 949 2141 Be-

209 2155 406 2198 schlusses‚
439 2154 504 2188 auf
532 2154 602 2188 den
634 2154 784 2188 dorthin
809 2153 951 2197 gerich-

207 2203 309 2236 teten
336 2202 543 2236 Besehluss'
567 2217 611 2229 =
632 2201 725 2235 illud
750 2201 949 2234 consilium.

255 2265 287 2295 8.
333 2261 445 2294 libera
479 2258 656 2303 custodia]
696 2259 784 2293 liber
824 2259 950 2304 ‘unge-

207 2307 360 2349 fesselt'3
382 2307 455 2352 vgl.
483 2310 502 2348 ἓ
532 2310 584 2340 10.

252 2355 408 2399 placere]
437 2357 591 2398 erganze
616 2353 697 2387 sibi.

255 2402 345 2446 tzim]
389 2401 502 2436 ‘darm
534 2401 635 2443 erst’,
669 2400 722 2434 oft,
746 2399 841 2434 nach
868 2399 951 2433 dem

208 2450 291 2484 Abl.
307 2449 381 2484 abs.
402 2461 430 2485 z,
446 2449 485 2482 Β.
506 2447 565 2490 22,
588 2452 642 2490 11,
661 2452 676 2482 1
702 2448 756 2481 ita
775 2447 879 2481 rebus
898 2447 951 2481 di-

208 2498 304 2531 vinis
329 2497 488 2540 peractis
514 2500 588 2529 tum
614 2496 656 2530 de
681 2495 768 2529 bello
799 2494 954 2529 dictator

208 2545 370 2585 rettulit;
395 2543 468 2587 vgl.
495 2555 537 2577 zu
566 2547 620 2587 16,
648 2547 702 2577 11.

258 2607 289 2638 9.
334 2603 525 2637 adsensum
563 2602 625 2646 est]
670 2602 711 2635 L.
750 2601 956 2645 gebraucht

210 2649 279 2684 wie
300 2648 371 2684 Cic.
399 2649 598 2683 vereinzelt
624 2649 718 2683 auch
745 2648 803 2682 die
832 2647 953 2682 active

210 2697 320 2731 Form
347 2697 535 2740 adsentire,
564 2709 590 2730 e.
612 2696 645 2739 1,
667 2701 723 2738 54,
747 2701 761 2730 1
788 2706 868 2729 cum
890 2695 953 2729 ad·

211 2745 340 2777 sentire
364 2754 399 2777 se
425 2743 582 2777 Gabinis
607 2744 745 2778 diceret.

258 2802 432 2847 traditus]
455 2802 564 2836 naml.
585 2803 625 2836 in
649 2802 860 2843 custodiam,
879 2812 954 2835 was

212 2848 289 2882 sich
314 2860 386 2883 von
412 2849 525 2883 selbst
551 2849 704 2893 ergiebt,
732 2861 758 2883 s.
788 2852 841 2891 19,
872 2851 924 2883 11.

261 2899 312 2930 11.
351 2896 468 2941 fama]
497 2896 613 2931 seines
638 2895 954 2930 Verschwindens,

1023 1658 1124 1691 sonst
1148 1657 1381 1701 gewohnlich
1406 1659 1528 1701 utpote
1553 1669 1581 1690 z.
1599 1656 1638 1692 B.
1660 1656 1693 1699 2,
1709 1660 1766 1700 33,

1023 1708 1043 1739 8
1082 1705 1215 1738 clamor
1257 1704 1418 1738 turbavit
1464 1703 1605 1738 Volscos
1646 1706 1769 1748 utpote

1023 1755 1132 1796 capta
1157 1752 1252 1786 urbe.

1069 1810 1207 1855 nuntii]
1233 1822 1279 1845 an
1300 1810 1369 1844 den
1387 1810 1584 1854 Hannibal,
1606 1809 1674 1845 wie
1700 1810 1766 1844 das

1022 1857 1195 1902 folgende
1224 1858 1368 1892 Poenus
1393 1857 1504 1902 zeigt3
1536 1857 1631 1892 auch
1656 1856 1705 1892 ist
1726 1856 1769 1902 ja

1022 1905 1081 1940 die
1121 1905 1229 1940 Stadt
1267 1904 1333 1939 auf
1368 1905 1496 1939 dessen
1533 1904 1650 1948 Seite,
1689 1904 1767 1939 also

1022 1952 1161 1987 konnte
1187 1964 1255 1986 nur
1281 1963 1327 1986 an
1352 1952 1418 1986 ihn
1440 1951 1683 1997 Mittheilung
1706 1962 1767 1996 ge-

1022 2000 1150 2034 macht
1174 1999 1330 2034 werden.

1074 2063 1126 2094 12.
1164 2062 1365 2103 suspectum
1396 2058 1562 2103 habebat]
1599 2057 1653 2092 ‘in
1677 2058 1768 2092 Ver—

1025 2106 1137 2140 dacht
1150 2106 1281 2147 hatte’‚
1299 2105 1465 2150 gebildet
1482 2105 1576 2139 nach
1586 2105 1768 2149 Analogie

1025 2164 1096 2187 von
1121 2156 1347 2196 perspectum
1372 2152 1498 2186 habere
1522 2152 1596 2185 und
1621 2151 1767 2194 Aehnl.,

1024 2211 1062 2234 so
1089 2200 1183 2234 auch
1210 2199 1296 2233 Sall.
1324 2199 1402 2243 lug.
1430 2202 1484 2241 71,
1512 2202 1531 2232 5
1561 2199 1768 2240 obtestatur,

1023 2258 1067 2280 ne
1090 2258 1197 2290 super
1222 2247 1290 2280 tali
1314 2246 1439 2280 scelere
1468 2248 1670 2290 suspectum
1697 2256 1768 2280 sese

1023 2294 1175 2328 haberet.

1071 2352 1172 2397 ditis]
1230 2351 1289 2386 die
1344 2362 1768 2397 zusammengezogenen

1025 2400 1182 2434 Formen
1219 2410 1292 2433 von
1329 2399 1427 2433 dives
1464 2398 1544 2432 sind
1581 2398 1633 2432 im
1663 2398 1768 2434 class.

1026 2447 1107 2481 Lat.
1134 2447 1252 2481 selten
1279 2446 1375 2490 (Abl.
1401 2446 1488 2487 diti,
1515 2445 1642 2480 Neutr.
1668 2445 1767 2480 Plur.

1026 2495 1136 2535 ditia,
1163 2492 1252 2528 Gen.
1278 2493 1331 2527 Pl.
1358 2493 1513 2537 ditium).

1069 2541 1294 2585 possidendi]
1323 2552 1348 2574 s.
1376 2552 1419 2574 zu
1445 2543 1499 2581 25,
1526 2543 1557 2573 3.

1076 2604 1130 2634 13.
1189 2599 1328 2643 datum]
1376 2598 1458 2633 ‘ein
1500 2597 1770 2642 Zugestandnis

1027 2647 1201 2692 gemacht
1217 2646 1284 2681 sei’
1302 2663 1345 2675 =
1358 2645 1561 2690 Spielraum
1583 2645 1767 2689 gegeben;

1026 2695 1101 2739 vgl.
1127 2694 1163 2737 8,
1182 2698 1215 2737 5,
1235 2698 1256 2727 4
1282 2692 1592 2737 consanyuinitati
1616 2693 1680 2726 hoc
1704 2692 1769 2726 da-

1027 2742 1153 2783 bimus,
1178 2745 1220 2775 ut
1239 2741 1463 2775 condiciones
1482 2739 1590 2783 pacis
1611 2739 1769 2781 feramus

1027 2799 1159 2833 aequas
1183 2789 1353 2832 utrisque.

1076 2851 1129 2881 14.
1174 2845 1439 2890 coniuyemque]
1478 2854 1609 2888 wegen
1643 2855 1708 2888 que
1739 2855 1765 2878 s.

1027 2906 1071 2928 zu
1099 2898 1153 2937 13,
1180 2897 1211 2927 5.
