1882 3163
139 107 165 125 a,
186 100 237 126 ch.
258 100 319 126 217.
624 89 769 124 LIBER
793 88 907 124 XXII.
953 89 1052 125 CAP.
1081 93 1136 124 30.
1164 93 1219 126 31.
1639 89 1697 132 49

140 200 246 241 adeo
273 201 315 240 et
341 199 468 241 duces
493 198 713 240 Romanos
739 200 782 238 et
806 197 964 239 milites
986 200 1246 252 spreverant,
1271 199 1318 239 ut
1343 197 1412 239 vix
1433 211 1530 239 cum
1549 197 1698 240 eadem

139 261 265 313 gente
298 258 458 300 bellum
489 272 581 299 esse
614 257 851 309 crederent,
889 257 1008 298 cuius
1047 257 1285 298 terribilem
1315 256 1476 298 famam
1509 271 1533 298 a
1565 257 1695 310 patri-

137 318 219 360 bus
246 318 523 372 accepissent.
567 316 858 358 Hannibalem
885 329 1052 370 quoque
1080 330 1130 356 ex
1157 316 1245 358 acie
1272 316 1520 358 redeuntem
1540 315 1696 359 dixisse
1727 333 1768 364 10

138 377 299 431 ferunt,
347 376 522 418 tandem
561 390 653 417 eam
694 375 870 428 nubem,
916 389 1024 429 quae
1068 374 1212 416 sedere
1251 376 1295 415 in
1331 375 1445 430 iugis
1483 376 1697 419 montium

138 437 265 479 solita
298 437 374 490 sit,
405 450 500 477 cum
531 434 719 489 procella
750 434 930 475 imbrem
963 433 1141 475 dedisse.

259 494 372 536 Dum
394 495 498 536 haec
525 497 735 549 geruntur
759 493 804 534 in
822 492 966 547 Italia,
994 491 1070 534 Cn.
1092 491 1299 534 Servilius
1321 491 1526 535 Geminus
1547 495 1697 536 consul
1718 503 1765 539 31

138 570 234 597 cum
278 554 414 595 classe
452 557 609 595 centum
645 554 790 606 viyintc'
826 553 1001 594 navium
1045 552 1351 594 circumvectus
1390 551 1610 594 Sardiniae
1654 556 1697 596 et

139 613 339 656 Corsicae
365 627 484 654 oram
511 615 553 653 et
579 612 803 654 obsidibus
830 611 1044 666 utrimque
1072 612 1256 666 acceptis
1282 611 1327 652 in
1347 610 1539 652 Africam
1559 615 1696 654 trans-

135 670 258 714 misit
277 677 336 726 et,
361 672 613 726 priusquam
639 673 682 712 in
710 671 1000 713 continentem
1022 671 1312 712 escensionem
1332 670 1502 723 faceret,
1527 670 1698 727 Menige
1723 687 1744 717 2

135 732 276 773 insula
321 734 487 772 vastata
533 734 576 772 et
620 731 672 772 ab
711 731 997 772 incolentibus
1036 728 1278 784 Cercinam,
1322 745 1376 770 ne
1421 732 1464 771 et
1506 730 1697 784 ipsorum

136 794 330 833 ureretur
357 791 695 845 diripereturque
723 804 837 845 ager,
864 789 1008 832 decem
1034 789 1208 830 talentis
1234 789 1406 844 argenti
1435 790 1618 843 acceptis
1646 789 1698 831 ad

135 851 265 892 litora
285 850 458 891 Africae
485 850 666 891 accessit
685 850 915 904 copiasque
937 849 1147 904 exposuit.
1197 848 1296 889 inde
1324 848 1375 889 ad
1402 849 1696 903 populandum
1724 865 1743 895 3

136 924 288 965 agrum
321 910 437 951 ducti
469 909 628 950 milites
653 909 914 963 navalesque
949 908 1054 950 socii
1084 908 1205 949 iuxta
1237 908 1373 961 effusi,
1412 922 1460 949 ac
1493 908 1529 949 si
1558 909 1606 949 in
1636 909 1697 949 in-

136 969 240 1011 sulis
261 969 473 1011 cultorum
496 968 720 1023 egentibus
742 967 1059 1022 praedarentur.
1104 968 1248 1021 itaque
1268 967 1312 1008 in
1336 967 1515 1008 insidias
1538 970 1700 1008 temere
1725 981 1746 1012 4

139 1029 265 1070 inlati
297 1043 393 1070 cum
425 1043 449 1069 a
475 1028 767 1081 frequentibus
793 1027 991 1081 palantes
1019 1031 1062 1068 et
1087 1027 1229 1081 ignari
1255 1027 1308 1067 ab
1337 1026 1530 1068 locorum
1553 1028 1699 1082 gnaris

138 1087 558 1140 circumvenirentur,
579 1102 672 1128 cum
694 1086 830 1127 multa
852 1087 978 1128 caede
1005 1101 1053 1127 ac
1079 1085 1206 1127 foeda
1230 1086 1335 1140 fuga
1359 1088 1474 1127 retro
1496 1085 1548 1126 ad
1568 1100 1698 1127 naves

137 1147 332 1201 conpulsi
365 1153 473 1188 sunt.
537 1145 589 1187 ad
621 1146 737 1187 mille
771 1146 1015 1197 hominum,
1048 1160 1142 1187 cum
1174 1146 1228 1186 iis
1263 1143 1514 1199 Sempronio
1540 1143 1698 1186 Blaeso
1723 1160 1745 1189 4

136 1209 361 1260 quaestore
395 1206 572 1258 amisso,
611 1205 761 1247 classis
802 1205 855 1246 ab
895 1205 1092 1246 litoribus
1131 1204 1322 1245 hostium
1356 1204 1495 1257 plenis
1533 1204 1698 1258 trepide

134 1266 274 1307 soluta
300 1266 344 1306 in
367 1264 555 1305 Siciliam
578 1278 747 1305 cursum
776 1265 933 1317 tenuit,
960 1264 1203 1318 traditaque
1225 1263 1420 1317 Lilybaei
1447 1263 1492 1305 T.
1514 1262 1697 1305 Otacilio
1725 1278 1744 1308 6

132 1324 341 1380 praetori,
374 1326 421 1364 ut
454 1324 507 1364 ab
540 1323 685 1378 legato
721 1323 809 1364 eius
835 1322 882 1364 P.
910 1322 1056 1364 Cincio
1083 1322 1267 1364 Romam
1295 1322 1576 1364 reduceretur.
1603 1323 1698 1376 ipse
1725 1337 1744 1367 7

130 1399 207 1438 per
234 1382 424 1425 Siciliam
450 1382 632 1436 pedibus
665 1382 880 1436 profectus
908 1382 1018 1423 freto
1046 1382 1090 1423 in
1117 1381 1291 1423 Italiam
1317 1381 1505 1435 traiecit,
1537 1381 1695 1423 litteris

132 1443 179 1492 Q.
207 1442 327 1484 Fabii
359 1443 518 1483 accitus
547 1445 589 1483 et
614 1442 705 1496 ipse
734 1444 775 1483 et
802 1442 982 1496 conlega
1009 1442 1098 1482 eius
1125 1440 1180 1481 M.
1204 1441 1381 1495 Atilius,
1408 1444 1455 1481 ut
1483 1441 1694 1482 exercitus

132 1503 185 1544 ab
219 1516 262 1543 se
296 1504 443 1543 exacto
475 1501 561 1542 iam
594 1515 727 1556 prope
761 1501 986 1542 semenstri
1018 1501 1198 1554 imperio
1233 1500 1484 1554 acciperent.

129 1595 194 1630 des
214 1595 421 1630 romischen
443 1594 605 1629 Namens
620 1595 786 1638 zerstort,
805 1605 874 1628 nur

131 1648 226 1677 etwa
252 1641 362 1677 zwolf
378 1641 529 1676 Monate
556 1641 753 1676 verflossen
778 1641 870 1676 sind.

130 1711 173 1715 —-
213 1691 334 1732 duces,
375 1691 453 1724 also
488 1689 582 1724 auch
624 1688 694 1723 den
737 1688 872 1733 Scipio,

128 1737 322 1772 vielleicht
340 1735 398 1772 ein
422 1737 500 1781 Zug
520 1737 584 1771 der
604 1736 872 1771 Fabianischen

128 1785 379 1833 Darstellung.
405 1805 448 1809 —
475 1785 551 1818 ἀίω.
578 1785 712 1827 ferunt,
734 1783 873 1817 welche

129 1831 337 1876 Ausserung
375 1831 470 1865 Plut.
515 1831 604 1865 Fab.
646 1836 687 1865 12
727 1841 774 1865 an
809 1831 874 1864 der

131 1879 246 1914 Stelle
270 1879 335 1914 der
361 1890 430 1913 von
456 1878 495 1913 L.
534 1889 562 1912 c.
591 1882 653 1919 29,
687 1882 706 1912 6
740 1877 873 1921 mitge-

129 1927 260 1961 teilten
287 1926 401 1970 giebt.
429 1946 471 1950 —-
505 1926 656 1963 dedisse,
683 1925 734 1959 im
762 1924 874 1959 Sinne

128 1986 202 2009 von
229 1973 398 2008 edidisse.

177 2022 238 2064 31,
266 2024 369 2055 1—3.
402 2020 577 2055 Servilius
608 2019 743 2064 knfipft
769 2031 816 2054 an
843 2030 872 2053 c.

133 2074 192 2112 11,
227 2073 246 2103 7
274 2079 336 2110 an3
373 2068 431 2101 die
464 2066 703 2111 Darstellung
735 2070 754 2108 ξ
784 2071 871 2101 1-7

126 2118 230 2161 tragt
260 2115 331 2149 den
366 2114 538 2159 gleicben
566 2114 772 2149 Charakter
803 2113 872 2148 wie

128 2164 187 2198 die
216 2162 369 2208 Einlage
397 2173 425 2196 c.
453 2166 509 2201 20,
537 2162 607 2196 4ff.
642 2161 724 2206 Vgl.
752 2161 870 2206 Polyb

128 2215 161 2255 3,
188 2215 244 2254 96,
273 2215 326 2246 11.
354 2230 393 2234 -
430 2210 644 2252 Sardiniae,
679 2221 722 2243 zu
748 2213 810 2252 21,
839 2213 869 2251 1,

129 2263 166 2301 53
189 2258 354 2293 Corsicae
373 2268 487 2300 oram,
509 2257 567 2291 die
584 2257 725 2291 Kfisten
745 2268 870 2291 waren

127 2306 215 2340 bald
240 2305 335 2339 nach
362 2305 425 2339 der
454 2303 770 2349 Beschlagnahme
798 2315 869 2338 von

129 2352 323 2388 Sardinien
347 2352 489 2386 besetzt
507 2352 667 2394 worden,
694 2351 869 2386 wahrend

128 2401 193 2434 das
226 2400 354 2434 Innere
387 2400 451 2433 der
483 2399 579 2433 Insel
609 2399 712 2433 nicht
746 2402 868 2433 unter-

127 2448 266 2483 worfen
299 2447 433 2480 wurde.
468 2466 510 2471 -
546 2447 588 2480 in
614 2447 781 2488 Africam
807 2446 868 2480 be-

127 2495 294 2529 zeichnet
314 2493 395 2528 hier
408 2506 476 2527 nur
490 2494 554 2527 das
570 2493 643 2527 Ziel
666 2494 728 2527 der
742 2492 865 2535 Fahrt,

127 2543 232 2577 nicht
257 2541 315 2575 die
345 2540 575 2585 Erreichung
600 2540 802 2574 desselben.
827 2561 867 2565 —

129 2590 277 2634 Menz'ye
298 2589 416 2631 (Nom.
438 2588 602 2632 Meninx)
631 2587 668 2621 in
693 2587 757 2621 der
778 2587 867 2622 klei-

126 2648 196 2671 nen
233 2636 354 2680 Syrte,
401 2635 552 2670 Cercina
594 2635 866 2676 ebendaselbe‘c,

98 2713 100 2715 .
126 2684 376 2718 bedentendcr
402 2682 623 2727 Hafonplatz
649 2687 709 2724 33,
746 2685 807 2724 48,
835 2688 866 2717 3.

127 2732 241 2766 decem
267 2732 410 2765 talentis
437 2731 542 2765 weist
563 2730 627 2765 auf
645 2729 702 2763 die
724 2729 867 2773 gleiche

128 2778 275 2821 Quelle,
308 2779 372 2812 der
407 2778 498 2812 auch
528 2782 588 2821 21,
624 2781 685 2820 61,
720 2781 758 2810 11
790 2778 866 2810 ent-

128 2836 297 2860 nommen
324 2826 388 2867 ist,
421 2826 468 2859 da
498 2828 600 2860 sonet
625 2823 674 2857 im
703 2828 734 2857 2.
762 2822 866 2868 puni-

128 2872 237 2906 seben
256 2873 389 2917 Kriege
415 2871 650 2917 gewohnlich
671 2871 766 2906 nach
786 2870 865 2905 auri

199 2937 303 2962 Livius
330 2938 360 2962 1³..
381 2939 423 2963 22.

947 1593 1070 1638 pondo
1096 1593 1297 1637 gerechnet
1322 1593 1423 1627 wird.
1450 1613 1493 1618 -—
1515 1593 1567 1628 lit.
1589 1593 1694 1635 Afri·

947 1652 1026 1676 cae:
1059 1652 1133 1675 von
1165 1639 1267 1674 einer
1292 1639 1474 1684 Landung
1498 1640 1536 1674 in
1562 1639 1695 1676 Afrika

947 1688 1087 1722 meldet
1106 1687 1182 1722 Pol.
1206 1692 1244 1731 3,
1266 1692 1309 1722 96
1330 1688 1463 1731 nichts,
1483 1687 1583 1722 wohl
1605 1688 1695 1723 aber

947 1735 1076 1770 Zonar.
1104 1739 1141 1775 8,
1169 1739 1225 1770 26.
1259 1756 1301 1761 —
1335 1736 1443 1770 iuxta
1475 1745 1518 1770 ac
1549 1736 1598 1777 st,
1623 1734 1694 1771 mit

947 1782 1112 1827 gleicher
1133 1782 1422 1827 Sorglosigkeit,
1451 1783 1504 1816 als
1530 1794 1638 1817 wenn
1657 1793 1691 1816 u.

947 1842 975 1864 s.
997 1842 1041 1865 w.
1082 1829 1168 1864 Sall.
1191 1830 1276 1874 Jug.
1292 1834 1347 1871 45,
1366 1833 1386 1863 2
1408 1831 1530 1864 castra
1548 1830 1692 1864 munire

947 1877 1051 1911 iuxta
1076 1888 1119 1911 ac
1145 1877 1175 1910 si
1195 1878 1320 1911 hostes
1340 1877 1523 1919 adessent,
1550 1876 1691 1911 seltene

946 1923 1217 1958 Konstruktion
1259 1924 1356 1958 nach
1394 1923 1575 1968 Analogie
1619 1935 1692 1959 von

947 1970 1063 2014 idem,
1091 1969 1221 2005 similis
1247 1982 1290 2005 ac
1316 1971 1365 2012 si,
1389 1975 1457 2014 35,
1479 1975 1540 2015 42,
1566 1975 1617 2006 10.
1648 1991 1690 1996 -

947 2020 1127 2053 cultorum
1153 2030 1202 2063 ey.
1230 2018 1277 2053 da
1300 2018 1452 2052 incultis
1478 2018 1582 2053 nicht
1610 2019 1689 2053 ‘un-

946 2065 1150 2108 bewohnt’‚
1185 2066 1342 2101 sondern
1379 2065 1600 2101 ‘unbebaut'
1628 2066 1690 2101 be-

946 2114 1081 2148 deuten
1108 2113 1244 2156 wx'irde,
1274 2118 1306 2156 2,
1333 2116 1389 2156 34,
1417 2117 1447 2147 2.

991 2165 1094 2195 4—7.
1135 2161 1197 2195 loc.
1223 2162 1370 2207 ynaris,
1403 2160 1488 2195 Tac.
1522 2161 1610 2204 Agr.
1644 2164 1689 2196 37

944 2210 1112 2243 incautos
1145 2208 1293 2243 collecti
1325 2209 1362 2243 et
1393 2208 1558 2243 locorum
1584 2208 1689 2253 igna-

943 2267 1002 2291 ros
1035 2255 1142 2301 gnari
1175 2255 1526 2291 circumveniebant.
1562 2276 1605 2280 -
1644 2267 1688 2291 m.

943 2304 1137 2347 hominum,
1157 2302 1227 2337 wie
1249 2307 1304 2346 21,
1330 2307 1386 2345 61,
1403 2307 1432 2337 1.
1449 2315 1495 2337 m.
1511 2303 1687 2347 equitum.

946 2372 985 2376 -—
1015 2352 1164 2392 amisso,
1204 2361 1346 2385 woraus
1383 2350 1448 2385 der
1478 2350 1606 2384 Plural
1645 2363 1688 2384 zu

942 2398 1045 2433 mille
1066 2410 1107 2432 zu
1129 2399 1350 2432 entnehmen
1370 2396 1428 2431 ist.
1445 2418 1487 2422 -
1506 2397 1688 2442 Lilybaei,

944 2450 999 2489 21,
1014 2450 1070 2487 49,
1089 2445 1154 2480 off.
1182 2444 1422 2489 Haupthafen
1436 2446 1509 2478 und
1524 2445 1688 2487 Festung

943 2494 1008 2528 der
1038 2493 1174 2527 Romer
1213 2492 1277 2526 auf
1309 2490 1475 2533 Sicilien,
1515 2491 1688 2526 woselbst

943 2541 1086 2574 damals
1113 2540 1341 2574 mindestens
1368 2543 1411 2572 50
1440 2538 1686 2573 Ffinfruderer

941 2587 1052 2631 lagen
1078 2591 1139 2627 21,
1174 2590 1235 2629 51,
1269 2591 1306 2628 6,
1340 2586 1432 2620 auch
1461 2588 1584 2630 spater
1610 2585 1686 2620 Sitz

942 2634 1004 2668 des
1022 2635 1253 2678 Propritt0rs3
1277 2633 1432 2667 Otacilio
1453 2644 1480 2667 c.
1500 2638 1552 2675 10,
1571 2637 1624 2668 10.
1641 2653 1683 2658 —-

941 2682 1143 2716 semenstri.-
1171 2680 1242 2715 Cic.
1271 2681 1341 2725 leg.
1370 2685 1401 2723 3,
1429 2685 1460 2722 3,
1489 2684 1508 2714 9
1535 2680 1684 2724 quando

942 2729 1106 2763 duellum
1133 2727 1292 2771 gravius,
1320 2726 1524 2761 discordiae
1549 2728 1682 2761 civium

942 2777 1078 2817 escunt,
1106 2786 1217 2809 oenus
1243 2786 1288 2809 ne
1314 2773 1474 2819 amplius
1502 2786 1564 2809 sex
1585 2786 1683 2809 men-

941 2835 996 2857 ses
1024 2823 1121 2857 idem
1147 2822 1254 2865 iuris,
1286 2822 1383 2866 quod
1409 2822 1480 2857 duo
1508 2822 1682 2865 consules,

939 2872 1074 2906 teneto.

1377 2931 1397 2962 4
