1882 3163
159 125 186 144 a.
213 117 280 144 Chr.
306 126 335 144 n.
361 119 423 145 214.
625 107 770 144 LIBER
794 108 944 143 XXIIII.
985 107 1088 143 CAP.
1117 111 1170 143 10.
1200 112 1254 143 11.
1670 108 1725 149 21

153 219 318 271 cutum3
361 216 572 257 infantem
603 217 649 257 in
680 218 802 257 utero
835 216 988 257 matris
1020 216 1066 257 in
1097 215 1356 258 Marrucinis
1389 216 1451 258 ‘io
1483 216 1726 271 triumphe'

152 276 380 329 clamasse3
421 290 471 317 ex
509 275 683 316 muliere
716 273 884 328 Spoleti
922 275 1061 316 virum
1092 275 1272 329 factum,
1310 274 1500 317 Hadriae
1533 290 1650 317 aram
1681 276 1727 318 in

153 335 272 376 caelo
307 335 552 388 speciesque
584 333 806 375 hominum
834 333 993 374 circum
1020 347 1114 374 eam
1141 348 1238 375 cum
1264 334 1444 376 candida
1468 337 1585 376 veste
1611 335 1725 376 visas

153 408 257 435 esse.
319 393 421 447 quin
453 393 616 434 Romae
656 406 824 447 quoque
862 392 908 432 in
939 392 1035 446 ipsa
1066 393 1170 433 urbe
1204 393 1438 435 secundum
1471 409 1600 448 apum
1632 409 1725 435 exa·
1751 403 1793 434 11

152 467 252 493 men
289 453 335 493 in
374 451 468 494 foro
499 452 639 493 visum
675 475 724 481 ——
762 450 875 505 quod
907 451 1103 492 mirabile
1137 454 1220 506 est,
1252 452 1353 506 quia
1383 467 1528 494 rarum
1562 477 1616 482 —
1650 453 1722 494 ad-

151 512 374 552 firmantes
413 510 589 565 quidam
628 510 820 565 legiones
853 524 897 550 se
930 512 1117 551 armatas
1149 510 1195 551 in
1226 510 1417 552 Ianiculo
1449 511 1592 553 videre
1626 526 1724 553 0011-

152 571 395 611 citaverunt
438 570 657 611 civitatem
702 569 754 610 ad
802 583 938 620 arma,
983 583 1097 622 cum,
1144 569 1216 623 qui
1259 570 1305 610 in
1336 569 1526 612 laniculo
1566 575 1723 626 essent,
1750 580 1794 611 12

153 632 365 684 negarent
406 642 660 682 quemquam
699 628 760 669 ibi
798 630 966 682 praeter
1007 628 1208 670 adsuetos
1248 629 1368 670 collis
1408 629 1497 671 eius
1536 630 1723 671 cultores

154 688 415 741 adparuisse.
464 687 570 729 haec
601 687 800 742 prodigia
831 686 985 728 hostiis
1017 687 1251 729 maioribus
1283 691 1512 742 procurata
1545 692 1647 730 sunt
1672 704 1723 730 ex
1750 698 1793 729 13

150 747 426 801 haruspicum
469 761 696 800 responso,
746 749 790 787 et
833 746 1090 800 supplicatio
1136 747 1335 788 omnibus
1381 747 1490 802 deis,
1542 762 1723 802 quorum

149 806 394 860 pulvinaria
424 805 587 846 Romae
620 808 780 858 essent,
812 805 973 846 indicta
1006 808 1082 846 est.

265 864 529 919 Perpetratis
568 879 675 920 quae
715 864 768 905 ad
806 878 955 919 pacem
995 864 1120 905 deum
1152 865 1445 920 pertinebant,
1489 865 1539 906 de
1570 880 1615 906 re
1646 865 1791 920 pu-ll

149 923 264 965 blica
299 923 497 978 belloque
537 923 725 979 gerendo
764 926 806 964 et
849 926 1057 978 quantum
1096 924 1317 978 copiarum
1350 927 1393 965 et
1424 925 1497 965 ubi
1530 939 1721 979 quaeque

153 986 314 1036 essent,
348 983 544 1024 consules
578 983 631 1024 ad
664 986 862 1024 senatum
893 983 1162 1024 rettulerunt.
1213 983 1509 1039 duodeviginti
1541 984 1721 1038 legioni·
1748 993 1768 1023 2

148 1041 229 1083 bus
262 1042 420 1083 bellum
453 1042 544 1097 geri
569 1042 749 1096 placuit:
783 1042 906 1083 binas
934 1043 1129 1084 consules
1157 1042 1240 1084 sibi
1267 1057 1453 1097 sumere,
1485 1042 1598 1084 binis
1621 1042 1721 1084 Gal-

148 1100 250 1142 liam
298 1099 570 1156 Siciliamque
615 1116 664 1142 ac
710 1100 953 1142 Sardiniam
999 1101 1201 1143 obtineri:
1247 1101 1412 1143 duabus
1452 1102 1500 1151 Q.
1537 1101 1719 1143 Fabium
1747 1112 1767 1142 3

148 1162 391 1214 praetorem
423 1159 624 1214 Apuliae,
670 1160 834 1202 duabus
874 1161 1077 1202 volonum
1117 1160 1181 1202 Ti.
1215 1160 1457 1202 Gracchum
1496 1161 1607 1203 circa
1638 1160 1720 1202 Lu-

149 1219 307 1260 ceriam
345 1233 559 1273 praeesse3
599 1220 790 1274 singulas
824 1217 870 1260 C.
903 1219 1103 1261 Terentio
1142 1220 1392 1274 proconsuli
1431 1220 1484 1261 ad
1515 1219 1720 1261 Picenum

151 1280 194 1319 et
219 1277 275 1319 M.
296 1277 471 1319 Valerio
505 1279 558 1319 ad
592 1278 773 1320 classem
806 1278 918 1320 circa
946 1278 1222 1320 Brundisium
1254 1279 1454 1333 relinqui3
1488 1279 1591 1320 duas
1623 1279 1721 1320 urbi

149 1337 364 1391 praesidio
392 1351 496 1379 esse.
547 1338 616 1379 hic
641 1340 690 1378 ut
715 1352 918 1379 numerus
945 1338 1164 1393 legionum
1193 1339 1452 1392 expleretur,
1485 1352 1558 1379 sex
1583 1353 1719 1380 novae
1745 1349 1767 1379 4

149 1396 341 1451 legiones
376 1399 498 1437 erant
531 1396 790 1438 scribendae.
843 1411 914 1438 eas
941 1397 1078 1451 primo
1107 1411 1277 1452 quoque
1303 1400 1496 1451 tempore
1523 1397 1718 1439 consules
1746 1407 1766 1438 5

150 1455 334 1497 scribere
366 1456 472 1497 iussi
505 1461 547 1497 et
579 1456 760 1497 classem
788 1470 957 1510 parare,
989 1459 1036 1498 ut
1063 1471 1158 1497 cum
1186 1457 1245 1497 eis
1272 1456 1473 1510 navibus,
1506 1471 1613 1511 quae
1641 1471 1719 1510 pro

150 1512 373 1556 Calabriae
425 1515 625 1556 litoribus
672 1515 718 1556 in
764 1515 949 1557 statione
989 1518 1150 1569 essent,
1196 1517 1369 1556 centum
1406 1516 1721 1570 quinquaginta

149 1573 375 1629 longarum
415 1574 562 1615 classis
604 1575 779 1615 navium
818 1589 866 1616 00
905 1589 1019 1617 anno
1063 1575 1315 1629 expleretur.
1378 1574 1537 1616 dilectu
1569 1574 1717 1615 habito
1746 1587 1766 1617 6

149 1635 193 1673 et
232 1635 403 1674 centum
440 1634 621 1675 navibus
660 1633 781 1675 novis
821 1633 1013 1675 deductis
1047 1633 1093 1683 Q.
1126 1633 1287 1675 Fabius
1328 1634 1502 1675 comitia
1535 1634 1719 1675 censori-

150 1748 284 1793 Obseq.
308 1753 392 1784 104:
418 1750 544 1784 hastae
564 1750 705 1784 Martis
728 1751 770 1784 in
794 1751 897 1795 reyia

149 1807 218 1830 saa
242 1800 368 1839 sponte
392 1800 516 1831 motae.

200 1843 249 1877 ‘io
276 1844 488 1889 triumphe’]
522 1844 597 1888 vgl.
625 1843 692 1887 21,
716 1848 772 1887 62,
793 1848 812 1878 2
840 1845 895 1878 in-

150 1891 288 1933 fantem
315 1911 355 1915 —
385 1891 605 1935 triumphum
634 1892 814 1926 clamasse.

198 1938 349 1982 circuni}
396 1941 498 1973 sonst
540 1938 701 1972 braueht
741 1939 780 1972 L.
824 1938 898 1973 fast

149 1985 281 2019 111111101-
308 1986 424 2026 eirea;
452 1998 478 2019 s.
509 1989 563 2028 11,
590 1989 622 2019 3.

200 2036 252 2065 11.
291 2032 500 2076 secundam]
532 2043 605 2066 von
631 2043 758 2076 sequor
784 2033 894 2077 abge-

151 2078 267 2121 Ieitet,
291 2079 428 2123 ‘gleich
442 2079 566 2122 nach'3
587 2080 655 2113 wie
679 2083 732 2122 18,
746 2083 776 2114 5.
794 2084 895 2122 21,2.

199 2130 252 2160 12.
277 2127 402 2171 essent]
418 2126 466 2161 ist
480 2126 562 2161 dem
577 2126 777 2171 folgenden
792 2126 894 2172 Conj.

149 2177 323 2218 neqarent
348 2174 573 2210 assimiliert.

198 2220 379 2266 adsuetos]
408 2232 434 2256 S.
463 2234 505 2255 zu
533 2226 565 2262 5,
592 2226 624 2256 9.

199 2268 261 2304 11.
322 2268 758 2313 Vorbereitungen
802 2280 896 2302 zum

150 2315 338 2360 Kriege.
408 2316 750 2360 Ausrfistung
800 2327 895 2350 von

149 2362 386 2396 Landheer
412 2363 500 2397 und
526 2363 689 2398 Flotte.

200 2415 229 2443 1.
256 2420 383 2453 pacem
408 2409 527 2454 deum]
557 2410 730 2444 ‘Frieden
750 2410 833 2445 mit'
857 2437 863 2444 .
887 2439 894 2444 .

198 2462 229 2490 2.
269 2457 534 2501 ‹luodeviyz'ntij
568 2456 666 2500 hier,
697 2456 767 2491 wie
801 2457 896 2491 auch

150 2505 285 2548 water,
312 2503 392 2537 sind
425 2503 484 2537 die
517 2503 737 2547 spanischen
764 2503 896 2548 Legio-

150 2562 221 2585 nen
260 2551 365 2585 nicht
403 2550 634 2595 mitgezahlt.
697 2550 771 2585 Der
812 2551 897 2585 dort

151 2597 323 2641 gefiihrte
344 2598 458 2641 Krieg
485 2597 576 2631 wird
602 2598 657 2631 als
685 2597 743 2631 ein
767 2597 896 2632 beson-

151 2645 257 2679 derer
294 2645 513 2686 behandelt,
554 2644 669 2678 daher
707 2645 801 2678 auch
838 2644 898 2679 die

151 2691 435 2736 Verli'mgerung
479 2691 542 2726 des
590 2692 782 2734 imperium
834 2691 898 2725 der

151 2737 284 2773 beiden
312 2738 396 2773 dort
423 2738 794 2773 commandierenden
823 2737 897 2772 Sci-

151 2785 287 2829 pionen
323 2791 382 2828 10,
411 2790 430 2819 3
457 2798 491 2819 11.
519 2790 581 2828 44,
608 2790 629 2819 4
659 2785 898 2829 iibergangen

152 2831 261 2875 wird;
300 2843 475 2877 wogegen
511 2833 588 2867 dies
621 2832 680 2873 25,
714 2836 752 2874 3,
788 2837 807 2866 6
840 2832 898 2866 fiir

154 2878 218 2913 das
244 2879 275 2913 J.
304 2883 371 2913 212
400 2880 637 2923 Erwi'ihnung
663 2879 786 2913 findet.

1017 1755 1048 1786 3.
1076 1750 1116 1784 F
1115 1750 1256 1795 abiam]
1276 1750 1414 1784 Fabius
1429 1750 1523 1784 wird
1538 1752 1613 1785 erst
1626 1750 1718 1793 hier,

970 1798 1074 1832 nicht
1102 1801 1155 1841 10,
1184 1803 1215 1839 4,
1246 1798 1432 1841 erwahnt,
1464 1797 1550 1831 weil
1575 1808 1613 1831 es
1641 1796 1720 1831 sich

970 1845 1055 1879 dort
1080 1857 1143 1878 um
1163 1844 1417 1889 Fortfiihrung
1437 1845 1500 1878 des
1528 1845 1719 1888 imperium

972 1892 1159 1926 handelte.

1017 1938 1177 1984 duabus]
1204 1938 1252 1973 ist
1272 1939 1372 1980 Abl.;
1399 1940 1520 1973 zuerst
1538 1939 1586 1972 ist
1610 1949 1718 1982 prae-

970 1997 1040 2020 esse
1060 1997 1156 2020 zwar
1175 1986 1245 2020 mit
1264 1986 1427 2030 Apuliae
1452 1998 1496 2019 zu
1517 1985 1720 2020 verbinden

971 2036 1040 2077 (12,
1064 2037 1082 2067 7
1111 2034 1314 2067 maritimae
1340 2044 1424 2067 orae
1449 2034 1569 2077 reique
1592 2033 1721 2067 navali

965 2083 1154 2124 praeesset.
1207 2080 1272 2123 26,
1300 2083 1362 2123 28,
1389 2084 1409 2114 5
1443 2080 1588 2115 Galliae
1616 2083 1647 2114 et
1674 2081 1719 2114 Ie-

968 2128 1139 2172 9z'om'becs
1169 2129 1380 2171 praeesset);
1419 2127 1611 2162 hinterher
1642 2127 1718 2161 abs.

970 2192 1015 2203 =
1043 2174 1389 2218 θ001111110,11(1101011’,
1418 2175 1488 2209 wie
1515 2174 1580 2217 25,
1610 2179 1670 2217 16,
1700 2178 1717 2208 7

971 2222 1117 2266 (Masso)
1144 2223 1186 2256 in
1209 2222 1372 2256 Bruttiis
1392 2225 1584 2266 praeeram·
1610 2222 1719 2256 eben—

971 2281 1011 2304 so
1044 2269 1191 2304 werden
1220 2270 1413 2313 praeficere
1438 2281 1472 2303 u.
1495 2279 1720 2313 praeponere

969 2327 1041 2351 von
1055 2316 1093 2352 L.
1109 2318 1158 2358 (u.
1171 2316 1319 2360 Caesar)
1340 2316 1489 2350 absolut
1503 2316 1718 2360 gebraucht.

1017 2365 1066 2398 ad
1100 2363 1292 2408 Picenum]
1333 2364 1382 2397 ad
1417 2363 1533 2406 ‘bei'‚
1569 2363 1638 2397 wie
1671 2363 1719 2397 acl

970 2411 1126 2453 classem,
1160 2414 1198 2453 9,
1226 2414 1246 2444 9
1273 2411 1348 2444 und
1378 2414 1437 2453 10,
1465 2415 1485 2443 3
1520 2411 1568 2443 acl
1593 2420 1718 2450 exere„

970 2462 1026 2501 48,
1042 2462 1061 2491 9
1089 2458 1138 2491 ad
1158 2468 1271 2501 reyem
1293 2469 1326 2492 11.
1350 2457 1419 2499 oft3
1447 2457 1526 2491 hier
1546 2467 1719 2500 ungenau

971 2506 1064 2539 statt
1088 2505 1129 2538 in
1156 2515 1244 2548 ayt'o
1274 2504 1418 2538 Piceno.

1018 2555 1049 2584 5.
1084 2551 1169 2595 pro]
1207 2551 1388 2585 zunaehst
1418 2551 1456 2584 in
1494 2550 1719 2584 raumlicher

972 2598 1181 2641 Beziehung
1196 2598 1263 2632 wie
1279 2597 1338 2639 25,
1355 2601 1407 2637 18,
1421 2602 1440 2631 5
1461 2598 1632 2632 stationes
1648 2608 1718 2641 pro

965 2648 1077 2689 porta
1102 2646 1259 2679 stabant.
1293 2645 1353 2687 27,
1376 2648 1429 2684 18,
1451 2649 1465 2678 1
1491 2656 1562 2688 pro
1589 2646 1718 2678 eastris

971 2693 1129 2735 equitum
1143 2693 1315 2725 stationes
1329 2692 1523 2732 habebant,
1544 2691 1618 2735 vgl.
1634 2691 1715 2727 ebd.

972 2742 990 2779 ξ
1007 2743 1026 2772 3
1053 2739 1094 2772 in
1120 2742 1240 2772 castra
1267 2739 1432 2781 conpulsi
1457 2739 1588 2782 equites
1613 2743 1718 2778 sunt,-

972 2786 1069 2819 dann
1099 2785 1194 2818 ‘zum
1223 2785 1406 2819 Schutze’.

1020 2837 1050 2866 0.
1078 2832 1256 2877 deductis]
1284 2833 1357 2877 vgl.
1381 2832 1482 2866 Caes.
1506 2831 1575 2867 BC.
1596 2832 1629 2875 2,
1646 2837 1677 2874 3,
1696 2837 1716 2866 2

972 2890 1097 2913 narem
1124 2890 1172 2914 ex
1198 2880 1438 2914 navalibus
1460 2900 1501 2904 -——
1523 2880 1676 2914 deducit.
