1882 3163
130 1567 172 1598 10

130 1862 172 1893 15

687 925 931 960 PERIOCHA
957 925 1086 960 LIBRI
1111 925 1259 961 XXHH.

316 1022 602 1077 Hieronymus
630 1021 998 1077 Syracusanorum
1023 1038 1108 1077 reX,
1140 1023 1257 1064 cuius
1285 1024 1407 1077 pater
1432 1022 1565 1065 Hiero
1591 1024 1751 1064 amicus

197 1082 346 1137 populi
384 1082 570 1123 Romani
606 1081 763 1136 fuerat,
801 1082 853 1123 ad
886 1081 1264 1138 Carthaginienses
1303 1081 1456 1124 defecit
1501 1085 1542 1123 et
1578 1085 1752 1136 propter

199 1141 495 1183 crudelitatem
535 1141 859 1196 superbiamque
898 1157 923 1183 a
960 1142 1047 1183 suis
1085 1141 1335 1183 interfectus
1375 1144 1450 1182 est.
1510 1140 1604 1183 Tib.
1639 1139 1753 1182 Sem—

197 1200 372 1255 pronius
401 1200 619 1242 Gracchus
651 1201 882 1254 proconsul
912 1215 1113 1255 prospere
1146 1201 1347 1243 adversus
1374 1200 1541 1242 Poenos
1569 1202 1611 1241 et
1634 1199 1752 1242 Han-

197 1274 353 1301 nonem
373 1259 523 1301 ducem
544 1259 597 1301 ad
616 1259 910 1301 Beneventum
934 1261 1143 1315 pugnavit
1163 1275 1383 1302 servorum
1402 1260 1586 1301 maxime
1613 1274 1752 1313 opera,

199 1333 305 1374 quos
337 1319 495 1360 liberos
528 1334 620 1360 esse
651 1320 788 1361 iussit.
844 1318 1047 1362 Claudius
1078 1319 1305 1361 Marcellus
1338 1319 1487 1361 consul
1518 1319 1563 1360 in
1596 1317 1754 1372 Sicilia,

198 1393 306 1433 quae
337 1392 471 1432 prope
502 1381 594 1420 tota
626 1379 679 1420 ad
704 1378 872 1420 Poenos
905 1379 1126 1432 defecerat,
1159 1377 1394 1433 Syracusas
1428 1378 1605 1420 obsedit.
1654 1377 1752 1419 Phi-

197 1438 315 1491 lippo
342 1437 625 1479 Macedonum
656 1438 747 1493 regi
773 1438 934 1479 bellum
960 1438 1166 1480 indictum
1192 1440 1268 1491 est,
1301 1439 1371 1493 qui
1384 1437 1450 1481 ad
1476 1437 1753 1492 Apolloniam

197 1500 409 1538 nocturno
454 1497 618 1551 proelio
663 1512 890 1552 oppressus
933 1497 1190 1553 fugatusque
1233 1498 1278 1539 in
1318 1497 1613 1539 Macedoniam
1656 1511 1752 1539 cum

197 1570 330 1610 prope
374 1557 528 1597 inermi
573 1556 759 1598 exercitu
795 1556 1000 1612 profugit.
1061 1557 1113 1598 ad
1150 1557 1192 1598 id
1229 1557 1388 1598 bellum
1433 1556 1664 1612 gerendum
1695 1556 1751 1598 M.

197 1614 398 1656 Valerius
430 1618 604 1669 praetor
629 1615 798 1657 missus.
847 1630 913 1657 res
942 1618 1163 1670 praeterea
1187 1616 1233 1657 in
1258 1616 1468 1670 Hispania
1495 1630 1519 1656 a
1543 1615 1588 1657 P.
1615 1618 1657 1657 et
1676 1614 1751 1657 Cn.

199 1672 472 1727 Scipionibus
506 1674 707 1716 adversus
734 1674 1111 1730 Carthaginienses
1138 1678 1280 1730 gestas
1311 1675 1514 1729 continet,
1546 1690 1570 1716 a
1597 1674 1751 1730 quibus

199 1731 373 1787 Syphax
404 1748 479 1774 rex
509 1733 738 1775 Numidiae
770 1735 814 1775 in
847 1734 1079 1775 amicitiam
1113 1734 1317 1789 adscitus,
1349 1734 1421 1789 qui
1453 1749 1477 1775 a
1513 1733 1752 1776 Masanissa

198 1791 503 1847 Massyliorum
546 1807 647 1848 rege
685 1808 762 1847 pro
804 1791 1232 1849 Carthaginiensibus
1276 1796 1496 1848 pugnante
1532 1793 1669 1835 victus
1707 1793 1752 1834 in

197 1850 457 1905 Hispaniam
502 1852 554 1893 ad
596 1852 836 1907 Scipionem
879 1867 974 1894 cum
1017 1866 1175 1908 magna
1218 1867 1349 1894 manu
1390 1852 1563 1894 transiit
1603 1855 1752 1895 contra

201 1909 353 1966 Gades,
384 1912 458 1953 ubi
491 1914 673 1967 angusto
704 1911 815 1953 freto
842 1911 990 1954 Africa
1017 1915 1057 1954 et
1083 1912 1295 1967 Hispania
1328 1911 1592 1954 dirimuntur.
1643 1910 1751 1964 [Cel-

197 1970 326 2011 tiberi
353 1985 519 2025 quoque
539 1971 584 2012 in
605 1971 835 2014 amicitiam
861 1972 1021 2026 recepti
1047 1974 1158 2026 sunt,
1184 1987 1363 2027 quorum
1390 1971 1557 2014 auxiliis
1578 1971 1749 2012 adscitis

197 2031 298 2070 tunc
324 2030 506 2084 primum
534 2031 871 2072 mercennarium
891 2031 1072 2072 militem
1091 2030 1287 2073 Romana
1314 2033 1452 2073 castra
1476 2031 1749 2083 habuerunt]
