1882 3163
641 98 788 132 LIBER
813 98 911 133 XXI.
963 97 1067 134 CAP.
1095 103 1152 136 34.
1636 101 1690 144 67

124 211 413 250 commeatum
439 206 694 262 itinerisque
722 207 850 249 duces
878 210 922 249 et
948 207 1001 249 ad
1027 207 1157 249 fidem
1183 207 1498 263 promissorum
1519 207 1690 250 obsides

124 267 349 323 acciperet.

411 265 631 308 Hannibal
663 280 742 308 nec
779 269 940 308 temere
973 266 1233 308 credendum
1264 281 1343 309 nec
1375 266 1690 322 aspernandum
1710 276 1733 307 4

123 329 262 381 ratus,
294 340 347 368 ne
379 325 597 380 repudiati
623 327 771 380 aperte
796 325 944 367 hostes
970 326 1140 381 fierent,
1172 325 1358 380 benigne
1385 340 1481 367 cum
1513 340 1690 381 respon·

123 385 275 440 disset,
301 383 543 439 obsidibus,
569 398 676 439 quos
702 384 883 439 dabant,
915 384 1102 439 acceptis
1129 387 1173 426 et
1203 387 1466 440 commeatu,
1492 399 1620 440 quem
1644 385 1691 427 in

124 445 236 486 viam
270 443 354 499 ipsi
392 443 655 498 detulerant,
693 458 797 485 usus
843 457 1119 499 nequaquam
1158 446 1206 485 ut
1237 443 1351 485 inter
1381 446 1560 499 pacatos
1592 458 1689 487 con-

120 503 264 559 posito
291 503 466 557 agmine
492 502 620 545 duces
648 517 796 544 eorum
817 503 1024 558 sequitur.
1073 502 1259 557 primum
1287 517 1443 557 agmen
1470 502 1690 558 elephanti
1709 514 1730 545 5

122 565 165 604 et
203 562 371 617 equites
411 564 553 613 erant,
592 561 686 617 ipse
724 564 826 617 post
864 576 959 604 cum
990 562 1145 604 robore
1177 561 1372 617 peditum
1408 562 1688 617 circumspec-

119 623 218 663 tans
250 621 396 663 omnia
428 621 728 676 sollicitusque
759 620 998 663 incedebat.

1059 620 1134 662 ubi
1165 621 1210 662 in
1242 620 1540 676 angustiorem
1572 621 1687 663 viam
1708 631 1728 662 6

121 684 163 723 et
194 684 317 736 parte
349 680 488 723 altera
519 680 760 722 subiectam
791 680 895 735 iugo
926 680 1104 735 insuper
1138 680 1368 722 inminenti
1399 683 1577 722 ventum
1610 684 1690 736 est,

119 740 308 795 undique
341 754 392 781 ex
424 739 592 781 insidiis
625 739 798 781 barbari
830 754 856 781 a
880 738 1023 781 fronte
1050 739 1104 781 ab
1130 741 1255 794 tergo
1284 739 1421 781 coorti
1448 740 1687 782 comminus

120 799 287 841 eminus
314 801 487 854 petunt,
514 813 617 840 saxa
642 798 838 854 ingentia
863 799 908 840 in
935 813 1087 855 agmen
1113 798 1360 841 devolvunt.
1416 799 1607 841 maxima
1633 799 1686 841 ab
1709 809 1728 841 7

119 861 242 914 tergo
275 858 341 900 vis
368 858 594 900 hominum
619 858 817 912 urgebat.

878 858 922 899 in
955 872 1027 900 eos
1057 872 1179 900 versa
1205 857 1399 914 peditum
1431 858 1545 900 acies
1573 857 1688 900 haud

120 917 298 959 dubium
318 917 435 972 fecit,
461 917 578 972 quin,
603 917 687 958 nisi
707 917 881 959 firmata
901 920 1092 959 extrema
1112 917 1299 972 agminis
1318 917 1515 972 fuissent,
1534 917 1687 973 ingens

118 977 163 1018 in
190 991 238 1018 eo
266 976 382 1018 saltu
409 976 658 1031 accipienda
684 976 826 1018 clades
851 976 993 1018 fuerit.
1042 980 1145 1018 tunc
1171 991 1342 1032 quoque
1369 977 1421 1018 ad
1449 980 1687 1019 extremum
1708 987 1728 1018 8

119 1035 299 1090 periculi
330 1050 380 1077 ac
410 1050 544 1091 prope
576 1036 809 1091 perniciem
845 1038 1021 1077 ventum
1055 1039 1132 1078 est.

1193 1050 1295 1077 nam
1327 1035 1429 1077 dum
1461 1038 1689 1078 cunctatur

118 1094 340 1137 Hannibal
379 1094 608 1137 demittere
646 1107 804 1149 agmen
847 1095 892 1136 in
931 1095 1177 1150 angustias,
1222 1095 1324 1150 quia
1361 1109 1466 1150 non,
1510 1098 1558 1137 ut
1594 1095 1687 1150 ipse

119 1153 338 1209 equitibus
358 1154 576 1208 praesidio
597 1157 706 1209 erat,
732 1154 795 1196 ita
815 1153 1034 1209 peditibus
1056 1155 1287 1209 quicquam
1315 1154 1367 1195 ab
1389 1156 1514 1207 tergo
1537 1154 1687 1196 auxilii

165 1274 197 1305 3.
243 1270 293 1305 ad
328 1270 448 1315 fidem]
494 1270 607 1304 naml.
645 1270 865 1314 faciendam,

118 1318 342 1363 auyendam,
377 1316 426 1352 ad
451 1318 624 1353 maiorem
648 1318 770 1361 fidem3
804 1317 864 1361 23,

119 1368 355 1458 12ἑιέἑίρενει]
389 1411 476 1446 weil
509 1412 575 1446 das
607 1422 802 1447 memorare
827 1411 865 1446 in

118 1458 200 1494 eine
225 1459 326 1494 Bitte
352 1459 546 1504 fibergeht.

163 1522 196 1553 4.
229 1518 516 1563 aspernandum]
553 1517 617 1562 10,
652 1523 713 1562 10,
746 1523 766 1554 3
801 1529 866 1554 nee

117 1566 350 1611 aspernanda
380 1577 435 1601 res
466 1566 545 1601 visa
575 1577 687 1610 ‘neque
720 1567 865 1601 incaute

117 1614 295 1649 credenda

163 1676 204 1707 ut
222 1671 332 1718 inter]
359 1671 610 1707 konstruiere:
638 1683 865 1717 nequaquam

117 1720 201 1764 (ita)
237 1720 420 1764 conposito
451 1730 543 1765 aym.
582 1724 623 1754 ut
657 1720 754 1754 inter
777 1731 863 1764 pac.

117 1768 213 1810 (fieri
236 1767 355 1811 solet),
387 1765 427 1801 in
458 1766 641 1802 welchem
665 1767 770 1801 Falle
802 1766 863 1801 die

117 1813 297 1858 Ordnung
329 1813 515 1859 diejenige
549 1826 593 1848 zu
628 1813 707 1849 sein
733 1814 862 1859 pfiegt,

117 1859 192 1895 dass
230 1861 296 1896 der
334 1860 435 1895 Tross
479 1860 549 1895 mit
587 1861 669 1895 dem
708 1860 862 1906 Gepack

118 1908 213 1942 ohne
234 1907 479 1942 militarische
494 1908 723 1953 Bedeckung
739 1908 864 1942 hinter

117 1955 183 1990 der
220 1955 352 1989 Armee
392 1954 637 1997 einherzieht;
681 1955 864 1989 vielmehr

116 2002 221 2037 hatte
240 2001 428 2036 Hannibal
454 2001 514 2036 fu'r
535 2002 622 2046 jede
646 2001 861 2037 Eventuali—

116 2050 173 2084 t'at
207 2049 266 2084 die
305 2049 504 2084 streitbare
539 2049 777 2084 Mannschaft
814 2061 862 2084 an

116 2097 176 2131 die
209 2096 333 2141 Spitze
366 2096 441 2130 und
477 2108 524 2131 an
560 2096 625 2130 das
659 2096 764 2131 Ende
797 2097 861 2131 des

116 2143 233 2189 Zuges
259 2143 422 2178 verteilt.

163 2206 195 2238 5.
245 2202 364 2249 erant]
391 2202 570 2238 bildeten.

161 2250 301 2296 robore]
338 2250 435 2285 nach
460 2250 578 2294 Polyb
606 2249 665 2285 die
694 2250 859 2286 Schwer-

115 2296 372 2332 bewaffneten.

163 2346 246 2380 circ.
279 2344 417 2389 omnia]
459 2343 525 2387 22,
559 2349 618 2388 22,
653 2348 674 2380 8
707 2346 859 2380 circum—

115 2393 243 2437 spectis
273 2392 455 2432 omnibu&
490 2391 578 2426 Sall.
605 2391 689 2436 Jug.
718 2396 760 2427 72
791 2394 860 2427 cir-

117 2443 357 2484 cumspectare
381 2439 514 2473 omnia.

163 2501 194 2532 6.
245 2508 328 2542 any.
364 2498 476 2542 viam]
517 2496 633 2541 Polyb
668 2497 863 2532 bestimmt

116 2543 176 2579 die
198 2543 352 2588 Gegend
377 2555 542 2589 genauer
567 2543 637 2578 mit
662 2544 734 2579 den
755 2544 860 2579 Wor·

116 2593 179 2627 ten
212 2603 239 2626 c.
275 2596 337 2635 53,
371 2596 390 2627 5
426 2593 517 2636 περί
545 2605 579 2625 τι
611 2589 860 2635 λευκόπετρον

116 2636 269 2683 ὀχυρόν,
294 2639 434 2674 welche
448 2650 533 2673 man
547 2637 784 2683 gewijhnlich
800 2638 864 2672 auf

116 2685 176 2720 die
208 2685 333 2720 Roche
369 2686 528 2721 blanche
563 2697 622 2720 am
657 2685 760 2720 Fusse
796 2685 861 2720 des

117 2732 247 2768 Passes
273 2733 364 2767 iiber
389 2733 460 2767 den
491 2733 642 2768 kleinen
670 2732 721 2767 St.
749 2733 861 2767 Bern-

115 2779 208 2814 hard
233 2779 393 2814 bezieht.

118 2837 432 2908 veffifflngffm'

488 2828 580 2861 statt
615 2827 680 2862 des
717 2837 789 2861 von
822 2826 861 2862 L.

459 2874 753 2919 ekompositums
803 2885 862 2909 su-

934 1271 1195 1314 perinminere3
1226 1270 1257 1313 7,
1281 1274 1335 1314 10,
1357 1275 1377 1306 9
1404 1271 1511 1306 moles
1535 1281 1688 1316 superne

940 1318 1131 1352 inminens.
1182 1317 1233 1352 Zu
1261 1329 1289 1352 c.
1321 1323 1351 1361 1,
1372 1322 1404 1353 5.

988 1376 1152 1422 barbari]
1173 1375 1255 1411 hier
1274 1377 1397 1411 zuerst
1418 1377 1511 1411 statt
1531 1377 1596 1411 des
1610 1376 1685 1411 bis-

939 1423 1005 1458 her
1039 1423 1296 1468 gebrauchten
1330 1425 1514 1467 montani,
1555 1424 1684 1466 host683

939 1481 970 1504 c.
997 1474 1052 1513 35,
1076 1476 1107 1507 1.

985 1529 1009 1552 a
1033 1519 1154 1562 fronte
1181 1546 1187 1553 .
1210 1546 1217 1553 .
1241 1547 1247 1553 .
1275 1518 1430 1564 eminus]
1462 1518 1523 1553 die
1548 1517 1686 1553 beiden

937 1565 1129 1609 Asyndeta
1154 1565 1278 1600 malen
1304 1564 1364 1600 die
1384 1565 1683 1611 Uberraschung,

938 1612 1081 1647 welche
1093 1613 1189 1647 auch
1202 1612 1241 1646 in
1253 1613 1319 1647 der
1331 1613 1584 1658 mangelnden
1595 1613 1688 1648 Ver-

937 1659 1107 1705 bindung
1139 1670 1212 1694 von
1238 1664 1370 1705 petunt
1397 1660 1471 1694 und
1497 1661 1688 1697 devolvunt

937 1707 1191 1751 ausgedrfickt
1214 1706 1275 1743 ist.
1326 1707 1377 1742 Zu
1404 1719 1434 1742 c.
1461 1712 1517 1751 28,
1539 1712 1571 1742 2.

979 1755 1126 1800 petunt]
1167 1754 1334 1789 absolut:
1374 1754 1583 1799 angreifen3
1623 1754 1684 1789 ein

937 1802 1099 1837 seltener
1125 1801 1332 1837 Gebrauch.

985 1864 1017 1896 7,
1031 1861 1245 1905 accipienda
1257 1861 1386 1906 fuerit]
1410 1861 1546 1895 ebenso
1566 1860 1605 1895 in
1619 1861 1685 1895 der

936 1907 1123 1952 Apodosis
1135 1906 1236 1942 eines
1247 1907 1610 1953 Bedingungssatzes
1623 1908 1682 1951 10,

936 1958 992 1997 27,
1016 1959 1075 1996 113
1103 1953 1177 1989 viel
1199 1954 1367 1999 haufiger
1393 1954 1454 1989 die
1475 1954 1684 1990 Umschrei-

937 2001 1038 2046 bung
1070 2001 1140 2036 mit
1172 2002 1257 2036 dem
1283 2001 1382 2037 Part.
1415 2002 1482 2037 fut.
1516 2003 1587 2038 act.
1621 2002 1682 2045 24,

935 2052 993 2093 26,
1015 2053 1074 2083 12:
1095 2054 1148 2092 ut,
1168 2050 1202 2083 εί
1221 2049 1393 2095 effuyium
1406 2051 1597 2094 patuisset,
1618 2051 1683 2084 im-

929 2097 1096 2141 pleturae
1120 2097 1243 2132 urbem
1267 2098 1418 2140 fuerint.

983 2159 1015 2190 8.
1060 2160 1148 2191 tunc
1184 2156 1335 2201 quoque]
1375 2173 1410 2184 =
1446 2157 1498 2191 sic
1535 2166 1683 2201 quoque,

935 2202 1000 2237 καὶ
1026 2199 1090 2246 ὥς,
1117 2203 1301 2237 trotzdem
1327 2202 1387 2237 die
1412 2202 1568 2247 notigen
1592 2203 1683 2237 Vor-

935 2248 1272 2294 sichtsmassregeln
1321 2249 1505 2295 getroffen
1547 2261 1682 2292 waren,

934 2297 1052 2342 Polyb
1091 2297 1155 2331 καὶ
1193 2295 1325 2332 τούτου
1365 2295 1681 2342 συγκυρήσαντοςς

934 2345 1030 2379 auch
1057 2349 1132 2380 tum
1157 2355 1295 2388 quoque
1320 2344 1380 2387 24,
1402 2349 1458 2387 26,
1478 2349 1531 2379 13.

982 2403 1192 2448 Hannibal]
1227 2402 1290 2437 bei
1322 2403 1388 2437 der
1420 2402 1576 2437 zweiten
1609 2403 1682 2437 Ko-

935 2450 1062 2493 lonne,
1090 2450 1164 2484 und
1192 2449 1261 2484 mit
1287 2449 1409 2484 dieser
1434 2450 1506 2483 den
1526 2449 1682 2484 Riicken

935 2497 1001 2531 der
1026 2498 1149 2531 ersten
1170 2496 1355 2539 (leckend,
1384 2498 1471 2541 trug
1491 2497 1608 2531 selbst
1630 2496 1681 2531 im

935 2543 1091 2579 Riicken
1117 2543 1348 2587 angegriffen
1374 2543 1592 2586 Bedenken,
1618 2555 1681 2578 um

936 2591 1015 2624 sich
1042 2591 1146 2625 mehr
1172 2591 1259 2624 Luft
1292 2603 1334 2625 zu
1360 2591 1517 2625 macheu
1543 2589 1681 2626 wieder

935 2638 1189 2681 bergabw‘arts
1222 2638 1473 2681 voi-zugehen,
1512 2640 1679 2673 nament-

935 2684 1010 2719 lich
1038 2696 1103 2719 aus
1131 2685 1214 2718 dem
1240 2685 1406 2727 arunde,
1440 2684 1524 2719 weil
1550 2696 1604 2728 er,
1632 2685 1681 2720 da

936 2731 1018 2766 eine
1044 2731 1247 2775 Abteilung
1279 2731 1375 2766 doch
1407 2731 1467 2766 die
1499 2731 1679 2767 hinterste

936 2778 1015 2813 sein
1035 2778 1180 2821 musste,
1208 2777 1317 2813 keine
1337 2778 1543 2814 besondere
1557 2779 1678 2814 Nach-

936 2826 1004 2860 hut
1046 2837 1108 2859 zur
1148 2825 1438 2871 Unterstsitzung
1482 2826 1546 2861 des
1584 2826 1679 2861 Fuss-

936 2872 1065 2907 volkes
1091 2872 1399 2917 zurfickgelassen
1426 2873 1541 2909 hatte.

1397 2933 1442 2967 5*
