1882 3163
108 916 150 948 10

107 1034 148 1065 11

105 1152 148 1182 12

106 1387 148 1418 13

109 1563 152 1594 14

174 93 230 135 52
658 93 804 129 LIBER
829 94 978 129 XXIIII.
1006 94 1097 129 CAP
1114 123 1121 130 .
1149 99 1204 129 30.
1528 111 1553 130 a.
1579 111 1607 130 u.
1633 111 1656 130 c.
1683 105 1744 132 540.

174 201 327 242 bitrari
366 215 603 256 superesse3
648 201 861 256 direptam
900 202 1066 254 urbem,
1111 202 1224 243 bona
1261 202 1540 256 locupletium
1571 202 1741 244 donata.

177 260 229 301 ad
261 260 462 301 nuntium
493 262 583 301 tam
619 262 808 302 atrocem
839 261 1036 302 constitit
1066 274 1237 315 agmen,
1270 260 1579 315 concitatisque
1605 262 1740 303 omni-

174 319 254 359 bus
293 318 417 360 duces
451 343 507 347 —
540 321 667 360 erant
707 321 851 360 autem
883 318 1000 361 Sosis
1033 334 1081 361 ac
1113 319 1376 360 Dinomenes
1425 341 1479 374 -,
1511 320 1611 374 quid
1643 334 1740 375 age-

174 379 288 431 rent,
333 377 649 420 consultabant.
709 378 888 420 terroris
934 379 1117 432 speciem
1163 378 1277 418 haud
1319 393 1474 418 vanam
1518 378 1740 420 mendacio

174 436 461 489 praebuerant
505 437 716 478 verberati
760 451 808 478 ac
849 437 988 479 securi
1027 437 1217 491 percussi
1256 437 1524 491 transfugae,
1564 437 1616 478 ad
1656 437 1739 479 duo

176 494 297 535 milia
315 494 557 549 hominum3
585 497 772 537 ceterum
791 495 1099 537 Leontinorum
1120 495 1390 550 militumque
1412 495 1595 537 aliorum
1614 510 1740 537 nemo

174 555 274 607 post
315 559 485 607 captam
526 554 674 595 urbem
715 555 900 596 violatus
941 555 1101 608 fuerat,
1146 568 1305 608 suaque
1350 554 1494 595 omnia
1533 554 1613 608 eis,
1656 554 1743 596 nisi

177 626 284 666 quae
323 613 484 666 primus
522 613 733 654 tumultus
767 616 916 667 captae
947 614 1064 654 urbis
1098 613 1411 666 absumpserat,
1456 613 1741 654 restitueban-

177 672 256 712 tur.
307 685 385 712 nec
417 673 464 712 ut
490 671 726 713 Leontinos
758 673 887 726 irent,
917 672 1111 726 proditos
1145 671 1195 712 ad
1230 672 1401 712 caedem
1427 671 1741 714 commilitones

178 732 420 784 querentes,
463 731 643 784 perpelli
674 733 869 785 potuere,
914 745 991 771 nec
1019 733 1065 771 ut
1092 730 1240 771 eodem
1266 730 1359 771 loco
1387 731 1610 771 certiorem
1635 745 1743 772 nun-

176 788 284 829 tium
323 791 607 843 expectarent.
659 804 754 830 cum
793 790 846 830 ad
878 789 1159 830 defectionem
1192 789 1422 830 inclinatos
1456 789 1622 830 animos
1656 804 1742 831 cer-

176 850 330 888 nerent
373 851 613 902 praetores,
659 848 731 889 sed
773 863 869 889 eum
911 850 1077 889 motum
1118 847 1233 888 haud
1273 847 1520 888 diuturnum
1552 847 1661 902 fore,
1707 848 1742 889 si

177 905 303 947 duces
344 907 555 947 amentiae
598 907 757 947 sublati
795 909 954 960 essent,
998 906 1229 947 exercitum
1256 906 1416 947 ducunt
1435 906 1629 961 Megara,
1661 906 1743 960 ipsi

178 978 273 1005 cum
305 965 454 1018 paucis
487 966 705 1019 equitibus
732 965 973 1006 Herbesum
1005 965 1335 1018 proficiscuntur
1368 979 1443 1018 spe
1469 965 1628 1006 territis
1655 979 1742 1006 om-

176 1023 303 1064 nibus
342 1038 417 1077 per
454 1023 745 1077 proditionem
783 1024 902 1064 urbis
934 1023 1178 1077 potiundae.
1241 1022 1353 1076 quod
1385 1023 1459 1064 ubi
1491 1023 1651 1064 frustra
1683 1024 1744 1065 eis

176 1081 257 1122 fuit
299 1082 532 1136 inceptum,
576 1082 619 1123 vi
664 1083 878 1137 agendum
919 1083 1001 1123 rati
1043 1085 1218 1136 postero
1262 1081 1328 1122 die
1371 1081 1560 1136 Megaris
1602 1084 1745 1123 castra

176 1143 367 1194 movent,
394 1143 441 1181 ut
460 1140 702 1182 Herbesum
723 1142 921 1183 omnibus
943 1141 1076 1195 copiis
1098 1143 1410 1195 oppugnarent.
1454 1140 1743 1194 Hippocrates

176 1201 218 1239 et
248 1199 482 1254 Epicydes,
521 1214 609 1241 non
653 1202 743 1241 tam
784 1202 925 1241 tutum
966 1200 1105 1254 prima
1147 1199 1285 1253 specie
1327 1214 1455 1253 quam
1496 1214 1628 1240 unum
1670 1213 1744 1253 spe

176 1257 362 1312 undique
396 1258 564 1299 abscisa
596 1259 823 1300 consilium
856 1273 948 1300 esse
980 1259 1080 1312 rati,
1126 1260 1174 1299 ut
1206 1272 1250 1298 se
1283 1258 1490 1298 militibus
1522 1258 1741 1312 permitte-

175 1319 272 1357 rent
303 1319 346 1357 et
378 1316 565 1358 adsuetis
599 1332 757 1373 magna
789 1332 839 1359 ex
871 1319 995 1372 parte
1028 1317 1110 1359 sibi
1138 1320 1179 1358 et
1205 1320 1295 1357 tum
1322 1316 1438 1357 fama
1465 1316 1604 1357 caedis
1632 1330 1744 1357 com-

176 1375 420 1416 militonum
466 1376 674 1426 accensis,
722 1376 893 1417 obviam
939 1376 1101 1431 agmini
1144 1374 1391 1429 procedunt.
1453 1374 1591 1428 prima
1634 1375 1744 1416 forte

177 1434 300 1488 signa
345 1437 637 1476 sescentorum
669 1433 937 1476 Cretensium
982 1437 1122 1488 erant,
1166 1433 1238 1488 qui
1283 1434 1406 1487 apuc.L
1432 1432 1745 1487 Hieronymum

176 1495 420 1534 meruerant
461 1494 539 1534 sub
583 1494 643 1534 eis
687 1497 729 1535 et
760 1493 1018 1535 Hannibalis
1059 1492 1314 1534 beneficium
1346 1492 1584 1545 habebant,
1630 1491 1745 1546 capti

180 1550 234 1591 ad
266 1551 609 1593 Trasumennum
647 1553 759 1593 inter
790 1552 1085 1593 Romanorum
1124 1551 1282 1592 auxilia
1314 1550 1575 1605 dimissique.
1637 1565 1743 1604 quos

177 1609 251 1650 ubi
306 1625 355 1650 ex
407 1611 541 1665 signis
596 1625 895 1665 armorumque
944 1611 1095 1652 habitu
1146 1624 1400 1664 cognovere,
1459 1608 1745 1663 Hippocrates

225 1726 376 1771 donata]
406 1725 464 1759 die
491 1726 633 1770 Ellipse
658 1726 721 1760 des
749 1738 812 1760 aus
839 1726 922 1760 dem

178 1772 523 1817 Zusammenhange
573 1785 617 1807 zu
671 1773 926 1817 erganzenden

178 1818 309 1853 Dativs
329 1819 463 1854 nahert
484 1820 549 1853 das
572 1820 742 1854 absolute
764 1820 926 1854 Verbum

178 1867 314 1900 (tonare
334 1866 415 1900 hier
434 1878 602 1901 unserem
629 1867 925 1902 ‘verschenken’.

179 1913 312 1947 Solche
351 1914 629 1958 Auslassungen
668 1914 750 1948 sind
788 1914 849 1948 bei
885 1914 926 1949 L.

178 1960 321 2003 haufig3
363 1972 390 1993 z.
427 1961 464 1995 B.
505 1964 570 2001 31,
603 1965 622 1995 2
665 1962 829 2005 pervasit
866 1973 927 1995 ru-

178 2017 254 2040 mor
278 2006 518 2041 ‘verbreitete
543 2007 637 2042 sich'
661 2009 693 2043 d.
710 2007 764 2052 G„
788 2007 928 2052 cigent-

179 2053 254 2087 lich
280 2054 424 2087 ordines
447 2056 609 2097 pervasit
634 2067 663 2089 r.
692 2055 774 2099 (wie
802 2059 857 2097 39,
879 2058 924 2097 8).

179 2099 240 2143 30,
274 2104 340 2143 30,
368 2104 412 2134 20
450 2112 629 2145 nusquam
666 2103 788 2136 minus
820 2113 928 2145 quam

178 2147 220 2180 in
256 2147 343 2181 bello
376 2151 521 2181 eventus
546 2150 780 2192 respondent.-
833 2148 926 2183 ‘ent-

179 2194 359 2237 sprechen
385 2194 449 2228 der
475 2194 723 2239 Erwartung'.

227 2244 258 2274 5.
298 2241 346 2274 ad
372 2241 558 2286 nuntium]
587 2254 613 2275 s.
641 2254 684 2275 zu
712 2245 766 2284 14,
793 2246 825 2275 9.

228 2291 258 2321 6.
300 2288 448 2321 terroris
473 2289 621 2331 speciem
647 2289 747 2322 haud
776 2288 926 2333 vanam]

180 2334 246 2368 slas
277 2334 360 2378 Adj.
395 2345 528 2369 vanam
563 2335 630 2369 hat
662 2335 740 2369 sich
773 2346 820 2369 an
850 2345 926 2378 spe-

181 2382 267 2414 ciem
304 2381 609 2425 angeschlossen,
653 2381 737 2415 weil
781 2382 928 2415 terroris

180 2429 329 2471 speciem
362 2428 416 2462 als
449 2429 508 2462 ein
534 2428 675 2473 Begriff
698 2441 743 2462 zu
768 2429 927 2462 nehmen

180 2474 244 2516 ist3
284 2486 448 2519 genauer
480 2475 586 2510 hatte
619 2475 697 2509 sich
724 2476 763 2509 L.
797 2486 927 2519 ausge-

182 2521 326 2565 driickt,
348 2533 455 2556 wenn
469 2534 508 2556 er
527 2525 661 2567 gesagt
678 2523 798 2556 hatte:
820 2526 927 2556 terro-

181 2569 232 2602 ris
251 2569 352 2602 haud
371 2570 460 2602 vani
479 2570 647 2613 speciem;
668 2570 734 2603 wir
754 2569 822 2603 mit
839 2569 927 2603 Ver-

182 2615 391 2659 tauschung
418 2616 482 2649 der
507 2616 741 2650 Redetheile:
777 2616 927 2650 ‘Schein

183 2662 450 2696 schrecklicher
476 2662 700 2697 Wahrheit’.

232 2712 262 2742 7.
297 2710 381 2753 sua]
410 2709 510 2743 steht
535 2710 629 2743 auch
655 2709 692 2743 in
716 2709 929 2753 Beziehung

184 2755 250 2787 auf
266 2755 371 2789 einen
393 2755 568 2799 obliquen
584 2755 695 2790 Casus
717 2757 804 2790 oder
824 2757 928 2790 iiber-

183 2800 302 2844 haupt
328 2802 393 2835 auf
415 2802 486 2836 den
505 2803 676 2846 Besitzer,
704 2803 788 2837 dem
815 2804 927 2837 etwas

185 2847 239 2880 als
265 2848 491 2891 Eigenthum
519 2850 712 2894 zugehort3
740 2863 768 2884 z.
791 2850 831 2884 B.
852 2854 885 2894 3,
907 2853 926 2883 9

998 1725 1272 1760 circumsedente
1293 1735 1372 1758 cum
1386 1724 1549 1759 Bruttiis
1562 1735 1619 1759 eos
1639 1725 1746 1759 etiam

993 1773 1096 1817 plebe
1127 1783 1204 1806 sua.
1255 1771 1321 1814 ⁶25,
1348 1775 1410 1814 24,
1439 1775 1479 1805 13
1513 1782 1604 1815 quae
1628 1772 1745 1807 virtus

999 1821 1031 1854 ei
1055 1821 1276 1862 fortunaque
1300 1829 1369 1852 sua
1396 1819 1552 1854 dederat.

1048 1872 1080 1902 8.
1123 1867 1290 1910 proditos
1323 1865 1386 1910 ad]
1423 1866 1497 1910 vgl.
1524 1865 1585 1909 26,
1614 1869 1673 1908 12,
1702 1869 1743 1899 11

1000 1924 1035 1948 se
1063 1924 1200 1958 quoque
1228 1914 1270 1946 in
1300 1913 1415 1946 omnis
1447 1914 1632 1947 cruciatus
1659 1923 1744 1956 pro-

1001 1961 1095 1995 ditos
1121 1960 1349 1994 incusabant.

1051 2012 1084 2042 9.
1110 2007 1203 2051 fore]
1231 2019 1274 2040 zu
1299 2007 1377 2048 fore
1401 2005 1450 2039 ist
1475 2016 1539 2040 aus
1565 2009 1747 2040 cernerent

1001 2054 1060 2088 ein
1103 2054 1344 2097 intellegerent
1395 2053 1482 2087 oder
1531 2052 1744 2087 schwacher

998 2104 1173 2145 putarent
1198 2112 1242 2133 zu
1268 2102 1459 2143 erganzen.

1050 2153 1103 2183 11.
1135 2148 1278 2189 frustra
1302 2146 1392 2190 fuit]
1420 2156 1496 2179 war
1524 2145 1742 2189 ‘erfolglos’.

1000 2194 1083 2238 Vgl.
1118 2194 1206 2227 Sall.
1234 2194 1318 2236 Jug.
1346 2196 1408 2235 93,
1439 2196 1455 2225 1
1496 2192 1634 2226 trahere
1666 2202 1747 2225 cum

1000 2242 1139 2282 animo,
1165 2240 1382 2273 omitteretne
1407 2239 1605 2282 inceptum,
1632 2249 1747 2282 quon-

1000 2289 1074 2321 iam
1104 2288 1246 2329 frustra
1277 2289 1370 2327 erat;
1407 2285 1503 2319 auch
1524 2289 1580 2327 61,
1606 2289 1622 2319 1
1651 2286 1747 2320 videt

999 2335 1142 2376 frustra
1162 2335 1343 2376 inceptum
1359 2333 1409 2366 ist
1427 2333 1607 2375 inceptum
1622 2331 1745 2367 Subst.

1050 2380 1232 2425 Meyaris]
1260 2391 1286 2414 s.
1313 2391 1356 2413 zu
1384 2383 1438 2422 12,
1465 2383 1497 2413 3.

1050 2432 1103 2462 12.
1138 2439 1198 2471 spe
1224 2426 1380 2472 abscisa]
1408 2426 1482 2470 vgl.
1510 2429 1565 2468 31,
1583 2429 1624 2459 12
1650 2436 1745 2470 spem

997 2475 1219 2518 praecidere.

1048 2522 1237 2556 consilium
1269 2521 1324 2565 ut]
1365 2519 1414 2554 ist
1452 2519 1531 2553 eine
1568 2518 1629 2553 bei
1664 2518 1745 2555 Liv.

1001 2569 1090 2613 (und
1108 2568 1248 2611 Cicero)
1271 2567 1374 2601 nicht
1393 2567 1533 2601 seltene
1556 2566 1747 2600 Construc-

1000 2616 1094 2658 tion;
1131 2627 1169 2650 so
1197 2615 1292 2649 auch
1317 2614 1413 2648 nach
1439 2624 1466 2646 c.
1494 2623 1629 2656 capere,
1656 2625 1686 2646 z.
1707 2613 1748 2649 Β.

1001 2662 1062 2706 25,
1097 2666 1153 2705 34,
1182 2666 1200 2696 7
1240 2661 1467 2695 temerarium
1504 2660 1596 2702 cepit
1633 2660 1747 2694 consi-

1002 2710 1102 2751 lium,
1127 2712 1168 2743 ut
1193 2712 1293 2742 nocte
1314 2707 1477 2741 Indebili
1502 2707 1642 2740 obviam
1667 2707 1745 2741 iret.

1052 2761 1104 2791 13.
1145 2756 1351 2797 beneficium
1390 2752 1584 2797 habebant]
1624 2764 1748 2788 waren

1000 2802 1051 2836 im
1079 2803 1198 2837 Besitz
1231 2802 1332 2836 einer
1357 2800 1435 2843 W.;
1475 2800 1561 2834 wir:
1600 2799 1748 2834 ‘hatten

1000 2849 1079 2883 ihm
1105 2862 1148 2883 zu
1175 2848 1349 2883 danken’.
