1882 3163
172 113 226 154 10
552 152 555 153 ⁷
655 111 799 146 LIBER
823 111 974 146 XXIIII.
1020 110 1120 156 CAR
1149 116 1180 147 4.
1209 115 1240 146 5.

1517 130 1543 146 a.
1571 130 1596 146 u.
1622 129 1646 147 c.
1672 123 1734 148 539.

170 222 361 263 omnium
391 234 520 275 penes
554 234 597 260 se
629 219 829 274 virosque
862 233 961 260 suos
994 219 1343 261 Andranodorum
1374 223 1411 261 et
1431 220 1636 273 Zoippum
1661 221 1734 274 qui

120 291 143 322 4
168 280 530 334 Syracusanorum
562 279 690 332 primi
720 278 1084 333 relinquebantur.
1123 293 1211 320 non
1242 278 1367 319 facile
1400 281 1493 319 erat
1517 293 1734 334 nonagen-

170 340 326 380 simum
358 339 444 380 iam
478 338 625 393 agenti
658 352 838 391 annum,
877 337 1158 378 circumsesso
1200 337 1289 378 dies
1325 340 1555 392 noctesque
1586 338 1734 379 mulie-

168 399 316 439 bribus
349 396 588 451 blanditiis,
631 396 812 437 liberare
850 396 1040 437 animum
1078 399 1120 437 et
1151 398 1397 437 convertere
1430 397 1484 437 ad
1515 396 1732 450 publicam

122 467 142 497 5
169 471 195 498 a
226 457 397 510 privata
428 470 585 497 curam.
630 456 775 509 itaque
806 457 971 497 tutores
1003 455 1131 496 modo
1164 455 1408 509 quindecim
1439 470 1571 509 puero
1609 455 1734 496 relin-

170 516 278 570 quit,
318 529 424 570 quos
456 517 656 568 precatus
690 517 755 555 est
787 514 991 568 moriens,
1029 516 1077 554 ut
1108 514 1235 554 fidem
1269 528 1370 569 erga
1411 514 1619 568 populum
1651 513 1734 555 Ro-

167 589 341 615 manum
374 574 689 629 quinquaginta
714 587 847 614 annos
881 573 934 614 ab
968 587 1011 614 se
1044 573 1202 614 cultam
1228 573 1483 614 inviolatam
1512 575 1732 614 servarent

167 634 447 688 iuvenemque
481 633 567 674 suis
599 632 875 686 potissimum
919 632 1112 687 vestigiis
1158 632 1355 673 insistere
1393 632 1554 673 vellent
1606 635 1643 673 ct
1674 632 1734 673 di-

121 703 142 732 6
170 692 387 746 sciplinae,
418 692 465 732 in
492 706 575 746 qua
601 691 777 732 eductus
799 693 922 732 esset.
967 690 1074 732 haec
1100 691 1318 731 mandata.
1363 705 1458 732 cum
1486 691 1735 745 expirasset,

168 753 335 792 tutores
368 752 628 792 testamento
661 751 830 804 prolato
863 763 1077 803 pueroque
1110 749 1154 789 in
1181 750 1425 791 contionem
1450 749 1657 803 producto
1683 773 1731 779 —

170 813 261 851 erat
293 812 437 850 autem
470 809 707 864 quindecim
738 811 830 849 tum
862 808 995 849 ferme
1029 822 1239 849 annorum
1269 833 1326 837 ——
1351 809 1516 862 paucis,
1557 809 1629 862 qui
1659 823 1737 862 per

169 869 415 910 contionem
450 868 502 909 ad
535 868 781 909 excitandos
815 867 1023 908 clamores
1057 867 1257 920 dispositi
1290 871 1428 921 erant,
1461 867 1736 921 adprobanti-

169 927 248 968 bus
281 929 607 980 testamentum,
647 927 797 967 ceteris
836 926 955 966 velut
986 928 1107 979 patre
1149 926 1307 967 amisso
1339 928 1384 967 in
1422 926 1527 967 orba
1560 926 1732 967 civitate

119 997 141 1027 8
169 986 311 1027 omnia
341 986 592 1027 timentibus
625 999 777 1026 nimius
801 985 1039 1038 suscipiunt.
1067 988 1154 1025 tum
1172 984 1299 1025 funus
1320 985 1369 1025 fit
1388 985 1567 1039 regium,
1594 985 1733 1040 magis

120 1057 140 1087 9
169 1059 312 1086 amore
351 1045 508 1086 civium
547 1047 589 1085 et
627 1044 804 1085 caritate
852 1058 979 1098 quam
1025 1058 1126 1084 cura
1171 1057 1347 1084 suorum
1391 1044 1564 1085 celebre.

1622 1044 1732 1085 brevi

167 1103 317 1144 deinde
351 1106 513 1145 ceteros
544 1105 708 1144 tutores
742 1105 982 1144 summovet
1015 1102 1374 1156 Andremodoms,
1414 1103 1612 1144 iuvenem
1644 1103 1731 1143 iam

167 1176 260 1203 esse
293 1162 491 1203 dictitans
523 1162 835 1216 Hieronymum
869 1176 917 1202 ac
955 1161 1076 1216 regni
1113 1163 1353 1215 potentem3
1399 1161 1733 1216 deponendoque

166 1221 346 1262 tutelam
378 1221 491 1275 ipse,
531 1235 640 1276 quae
673 1235 769 1262 cum
800 1220 996 1274 pluribus
1030 1220 1267 1262 communis
1300 1222 1408 1271 erat,
1446 1221 1492 1261 in
1524 1235 1568 1261 se
1599 1235 1732 1261 unum

171 1280 361 1321 omnium
393 1280 504 1321 vires
539 1280 760 1321 convertit.

287 1339 370 1380 Vix
420 1339 592 1393 quidem
641 1338 722 1379 ulli
772 1338 887 1380 bono
937 1338 1244 1393 moderatoque
1299 1338 1391 1392 regi
1446 1337 1588 1379 facilis
1640 1340 1732 1379 erat

166 1398 288 1439 favor
332 1398 444 1451 apud
489 1396 782 1452 Syracusanos
829 1397 1070 1438 succedenti
1113 1400 1261 1438 tantae
1300 1397 1469 1437 caritati
1508 1396 1735 1451 Hieronis3

216 1518 245 1547 5
284 1514 427 1558 vellent]
462 1513 521 1547 ein
553 1513 793 1558 gemilderter
818 1513 913 1547 Aus-

167 1560 284 1594 druck
329 1562 420 1594 statt
455 1561 619 1594 iuberent
658 1560 747 1594 oder
783 1560 911 1604 dergl„

165 1607 251 1642 weil
278 1606 355 1641 dies
376 1607 446 1641 den
467 1607 725 1641 Vormfindern
746 1607 830 1641 dem
851 1607 913 1640 de-

167 1653 569 1699 signiertenRegenten
583 1653 796 1698 gegenuber
810 1654 914 1688 nicht

165 1701 330 1736 zustand.

213 1748 373 1793 educere]
403 1765 446 1776 =
479 1747 633 1792 τρέφειν
665 1747 911 1792 grossziehen,

167 1793 592 1830 ewlucaie=⁷zoctdsbsw
619 1794 804 1837 erziehen3
833 1794 907 1838 vgl.

166 1842 228 1885 »0,
255 1846 312 1885 28,
339 1847 360 1876 4
396 1853 474 1876 cum
502 1842 716 1876 Hannibale
748 1861 791 1866 -—
822 1843 909 1876 alito

168 1894 274 1933 utque
309 1890 458 1924 cclucato
490 1890 585 1923 inter
617 1900 738 1930 arma,
776 1899 833 1923 wo
868 1888 907 1922 L.

167 1936 350 1979 geradezu
370 1937 494 1970 educto
515 1940 620 1981 atque
640 1937 790 1970 estimato
805 1936 908 1969 hatte

164 1983 356 2018 schreiben
393 1983 551 2017 konnen.
610 1983 693 2017 Von
731 1983 909 2027 geistiger

164 2030 398 2074 Ausbildung
424 2030 524 2065 steht
549 2031 695 2065 educere
719 2042 747 2064 Z.
769 2030 810 2064 Β.
848 2028 908 2073 42,

167 2081 229 2119 19,
257 2081 278 2110 4
309 2088 423 2121 regem
449 2078 667 2112 educendum
693 2077 811 2120 filium
837 2076 911 2111 Ro-

163 2134 258 2157 mam
283 2134 429 2158 mzszsse.

212 2170 331 2215 modo]
371 2171 507 2214 gehort
543 2170 648 2204 nicht
679 2183 762 2204 zum
798 2170 912 2204 Zahl-

163 2218 269 2261 wort,
297 2218 455 2251 sondern
482 2229 565 2250 zum
591 2228 734 2262 ganzen
766 2217 862 2252 Satz.

214 2279 244 2310 7.
289 2276 421 2319 paucis
448 2295 489 2300 »-
518 2275 823 2320 adprobantibus]
851 2276 910 2310 die

164 2321 428 2366 Hinzufl'igung
448 2321 546 2356 eines
569 2322 723 2356 zweiten
738 2322 820 2356 Abl.
834 2322 909 2356 abs.

165 2370 258 2403 statt
301 2369 365 2403 del·
402 2369 647 2413 Anwendung
686 2369 786 2403 eines
819 2368 910 2403 Con-

161 2415 491 2460 junctionalsatzes
519 2416 647 2450 macht
673 2415 731 2450 die
755 2415 910 2451 Periode

164 2463 493 2497 unfibersichtlich.

211 2522 320 2566 velut]
349 2522 531 2556 erstreckt
557 2522 635 2555 sich
663 2520 718 2556 bis
745 2522 833 2555 orba
862 2522 909 2555 ci-

167 2569 292 2611 vitate3
321 2569 396 2613 vgl.
423 2568 457 2609 1,
487 2573 540 2611 16,
562 2573 581 2602 2
609 2568 779 2603 Romana
795 2569 911 2612 pubes

163 2615 258 2649 velut
295 2616 462 2649 orbitatis
499 2619 594 2650 metu
625 2616 699 2650 icta
737 2618 909 2649 maestum

165 2662 396 2705 aliquamdiu
420 2663 605 2697 silentium
631 2663 799 2697 obtinuit.

214 2723 245 2753 8.
282 2721 432 2765 caritas]
456 2720 568 2755 Liebe
583 2720 908 2765 aus‘Vereln-ung’

166 2767 241 2800 und
266 2767 590 2812 Hochschatzung.

215 2828 246 2858 9.
287 2826 495 2869 deponendo
526 2826 617 2870 ipse]
656 2827 732 2870 ipse
772 2826 822 2861 ist
857 2825 911 2860 als

167 2870 350 2914 logisches
367 2872 520 2917 Subject
534 2873 598 2907 der
615 2872 686 2907 mit
704 2873 911 2917 deponendo

986 1512 1282 1557 ausgedrfickten
1319 1512 1521 1557 Handlung
1563 1513 1627 1555 (=
1653 1523 1734 1547 cum

986 1561 1190 1604 deponeret)
1216 1572 1259 1593 zu
1286 1559 1371 1594 dem
1397 1559 1623 1594 Gerundium
1652 1559 1733 1593 hin-

987 1608 1176 1651 zugesetzt
1188 1607 1351 1648 worden,
1366 1606 1447 1641 eine
1462 1606 1730 1651 Erscheinuug‚

986 1653 1045 1688 die
1083 1653 1351 1698 grammatisch
1391 1653 1496 1687 nicht
1540 1653 1732 1688 erklarbar

985 1700 1045 1736 ist.
1090 1700 1217 1734 Dieser
1235 1700 1578 1745 Sprachgebrauch‚
1604 1711 1671 1734 vor
1692 1700 1732 1735 L.

987 1759 1026 1782 so
1053 1749 1121 1791 gut
1140 1747 1209 1782 wie
1229 1747 1334 1781 nicht
1346 1747 1571 1790 vorhanden,
1592 1747 1642 1781 ist
1659 1758 1734 1781 von

982 1794 1060 1828 ihm
1087 1795 1156 1828 mit
1183 1794 1356 1828 Vorliebe
1383 1794 1537 1839 befolgt,
1562 1795 1730 1828 nament-

982 1841 1058 1876 lich
1084 1841 1144 1876 bei
1168 1842 1255 1885 ipse,
1282 1843 1430 1885 quisque
1455 1842 1529 1875 und
1553 1841 1727 1875 Zahlaus-

983 1888 1164 1931 driicken3
1197 1888 1270 1932 vgl.
1300 1892 1336 1931 5,
1364 1892 1384 1922 8
1410 1889 1585 1923 tendendo
1611 1892 1730 1923 autem

983 1937 1054 1970 (luo
1081 1937 1129 1970 ad
1156 1935 1489 1979 Cartlzayinienses,
1519 1935 1659 1970 Thraso
1684 1936 1733 1970 ad

981 1984 1182 2017 societatem
1192 1982 1399 2017 Romanam
1408 1983 1501 2016 ——in
1511 1993 1547 2017 se
1557 1986 1731 2017 converte-

983 2031 1071 2064 bant
1096 2031 1260 2064 animum
1286 2030 1533 2064 adulescentis.
1584 2029 1644 2072 25,
1671 2033 1727 2072 23,

990 2081 1030 2110 11
1058 2087 1156 2111 unus
1175 2088 1218 2110 esc
1237 2076 1417 2111 Romanis
1435 2057 1659 2111 numerando
1680 2077 1731 2110 Za-

981 2124 1087 2167 pides
1119 2124 1410 2167 aestimandoque
1439 2124 1516 2167 ipse
1549 2134 1666 2158 secum
1687 2143 1731 2147 —

986 2171 1215 2204 altitudinem
1240 2171 1338 2204 muri
1361 2180 1576 2213 permensus.
1612 2168 1647 2213 4,
1674 2173 1730 2213 31,

987 2221 1006 2250 2
1033 2218 1208 2251 tendendo
1237 2218 1286 2251 ad
1310 2228 1379 2251 sua
1404 2218 1552 2261 quisque
1577 2197 1731 2251 consilia

985 2284 1032 2288 —
1057 2274 1210 2307 apciuei
1212 2267 1289 2298 unt.

1032 2311 1070 2346 5.
1106 2315 1134 2345 1.
1162 2311 1231 2344 ulli
1251 2310 1358 2355 bono]
1381 2311 1449 2344 ulli
1461 2310 1511 2344 ist
1530 2311 1730 2354 unbetont‚

984 2357 1049 2392 der
1074 2368 1189 2402 ganze
1210 2357 1434 2391 Nachdruck
1457 2357 1551 2402 liegt
1576 2357 1643 2391 auf
1659 2357 1730 2392 den

984 2403 1117 2438 beiden
1138 2404 1368 2449 Adjectiven.
1402 2404 1587 2438 Aehnlich
1612 2404 1730 2439 heisst

985 2462 1021 2485 es
1048 2463 1133 2485 vom
1160 2451 1307 2485 Servius
1327 2451 1470 2485 Tullius
1489 2451 1521 2495 1,
1542 2455 1598 2495 48,
1627 2455 1647 2485 8
1675 2461 1729 2485 lre-

983 2499 1111 2542 fluat-it
1137 2499 1201 2540 ita,
1227 2502 1267 2531 ut
1287 2499 1378 2532 bono
1397 2499 1505 2532 etiam
1530 2498 1728 2532 moderato-

983 2556 1050 2589 que
1074 2546 1275 2579 succedenti
1306 2546 1383 2589 φερέ
1419 2545 1584 2588 difficilis
1609 2555 1728 2579 aemu-

985 2593 1074 2626 latio
1100 2595 1195 2626 esset.

1034 2642 1055 2672 t.
1069 2638 1232 2683 caritati]
1247 2638 1300 2672 im
1311 2638 1522 2673 Deutschen
1542 2638 1657 2672 durch
1671 2637 1731 2672 ein

985 2685 1068 2730 Adj.
1095 2686 1409 2729 wiederzugeben.
1459 2685 1528 2719 Die
1554 2684 1728 2719 Lateiner

984 2732 1132 2777 pfiegen
1175 2733 1351 2767 deutsche
1390 2732 1492 2776 Adj.‚
1530 2742 1637 2765 wenn
1675 2731 1728 2765 sie

984 2780 1087 2813 star-k
1119 2780 1249 2813 betont
1280 2779 1362 2813 sind
1391 2779 1465 2812 und
1491 2777 1571 2812 eine
1597 2778 1727 2812 beson—

984 2826 1069 2860 dere
1103 2825 1352 2869 Wichtigkeit
1381 2826 1440 2859 fiir
1478 2825 1550 2859 den
1585 2835 1728 2869 ganzen

985 2871 1186 2907 Gedanken
1212 2873 1352 2916 haben,
1385 2872 1499 2906 durch
1532 2871 1591 2906 die
1616 2871 1727 2905 Form
1752 2874 1755 2875 ⁷
