1882 3163
708 716 942 759 Periocha
974 716 1092 758 libri
1125 715 1261 758 XXI.

322 907 453 948 Initia
486 907 587 948 belli
616 906 765 948 Punici
792 907 966 948 secundi
992 906 1236 947 referuntur
1267 910 1310 948 et
1335 906 1612 959 Hannibalis,
1645 907 1762 948 ducis

204 966 464 1021 Poenorum,
498 970 647 1007 contra
673 966 822 1007 foedus
850 981 925 1021 per
952 966 1158 1006 Hiberum
1185 966 1344 1007 flumen
1369 966 1596 1021 transitus3
1628 981 1652 1007 a
1679 981 1762 1020 quo

205 1024 512 1081 Saguntinum,
548 1027 749 1067 soeiormn
786 1026 937 1080 populi
970 1025 1170 1079 Romani,
1211 1025 1362 1066 civitas
1401 1026 1578 1066 obsessa
1610 1029 1762 1066 octavo

205 1099 350 1126 mense
389 1088 515 1139 capta
548 1088 626 1126 est.
688 1085 738 1125 de
771 1085 925 1139 quibus
964 1084 1133 1125 iniuriis
1172 1084 1294 1125 missi
1332 1084 1465 1138 legati
1498 1085 1549 1125 ad
1583 1083 1761 1126 Cartha-

205 1143 437 1199 ginienses,
470 1144 542 1198 qui
569 1147 860 1198 quererentur.
910 1158 1006 1184 cum
1033 1143 1279 1185 satisfacere
1306 1143 1488 1196 nollent,
1515 1143 1675 1184 bellum
1703 1144 1763 1184 eis

203 1202 414 1244 indictum
453 1205 531 1245 est.
592 1202 811 1244 Hannibal
849 1206 1049 1257 superato
1083 1202 1301 1256 Pyrenaeo
1340 1203 1455 1243 saltu
1492 1217 1569 1257 per
1600 1201 1763 1244 Gallias

203 1262 311 1303 fusis
343 1261 511 1317 Volcis,
550 1262 623 1317 qui
655 1262 864 1303 obsistere
897 1262 1039 1303 conati
1073 1265 1193 1302 erant
1225 1262 1282 1316 ei,
1321 1262 1373 1303 ad
1406 1262 1540 1316 Alpes
1572 1262 1690 1303 venit
1721 1264 1764 1303 et

204 1321 422 1362 laborioso
445 1336 520 1376 per
545 1336 616 1362 eas
638 1321 843 1375 transitu,
871 1336 965 1363 cum
993 1324 1220 1362 montanos
1249 1336 1417 1376 quoque
1441 1321 1586 1362 Gallos
1614 1321 1763 1362 obvios

205 1381 371 1435 aliquot
397 1381 570 1435 proeliis
598 1381 876 1435 reppulisset,
909 1380 1126 1421 descendit
1151 1381 1194 1421 in
1223 1379 1397 1421 Italiam
1425 1383 1467 1422 et
1493 1380 1545 1421 ad
1569 1380 1762 1421 Ticinum

205 1440 363 1480 flumen
405 1439 622 1481 Romanos
665 1439 855 1494 equestri
896 1439 1060 1494 proelio
1103 1440 1232 1494 fudit3
1278 1440 1321 1480 in
1363 1455 1446 1494 quo
1490 1439 1763 1481 vulneratum

205 1498 250 1540 P.
284 1497 530 1540 Cornelium
574 1497 818 1553 Scipionem
861 1499 1051 1553 protexit
1092 1498 1226 1553 filius,
1269 1499 1339 1553 qui
1382 1498 1572 1540 Africani
1612 1500 1764 1553 postea

204 1572 361 1598 nomen
382 1559 556 1612 accepit.
612 1557 853 1612 iterumque
875 1558 1062 1599 exercitu
1081 1556 1276 1599 Romano
1304 1557 1357 1599 ad
1382 1558 1542 1599 fiumen
1562 1557 1760 1599 Trebiam

204 1617 299 1658 fuso
314 1615 534 1658 Hannibal
555 1617 861 1671 Appenninum
883 1632 1052 1671 quoque
1072 1630 1308 1671 permagna
1330 1617 1554 1658 vexatione
1576 1616 1761 1658 militum

205 1678 382 1730 propter
422 1676 509 1717 vim
547 1676 873 1730 tempestatium
911 1676 1100 1718 transiit.
1163 1674 1238 1717 Cn.
1277 1674 1501 1717 Cornelius
1539 1674 1681 1730 Scipio
1719 1676 1763 1716 in

205 1734 419 1789 Hispania
473 1737 622 1776 contra
671 1734 837 1777 Poenos
894 1749 1094 1790 prospere
1146 1735 1356 1789 pugnavit
1411 1735 1515 1776 duce
1570 1735 1761 1776 hostium

207 1794 390 1847 Magone
424 1796 562 1848 capto.
