1882 3163
136 764 158 794 4
186 752 386 793 morbum
424 751 642 793 recideret.

186 112 244 153 50
673 112 820 146 LIBER
845 112 994 148 XXIIII.
1022 112 1123 147 CAP.
1152 116 1207 147 29.

1535 130 1561 149 a.
1586 131 1614 148 u.
1641 131 1665 149 0.
1691 125 1758 150 540..

189 221 280 275 gati
325 220 587 274 praesidium
632 220 791 261 finibus
837 220 923 261 suis
968 223 1138 262 orantes
1182 223 1406 276 venerunt3
1451 236 1559 276 quae
1591 222 1750 277 legatio

182 282 507 333 peropportuna
538 279 630 320 visa
661 279 713 320 ad
739 279 1060 320 multitudinem
1086 280 1351 321 inconditam
1372 294 1421 321 ac
1440 281 1754 322 tumultuosam

137 350 157 381 2
186 338 502 379 exonerandam
541 338 751 404 ducesque
791 338 881 380 eius
921 339 1196 393 ablegandos.

1258 338 1545 393 Hippocrates
1564 343 1757 406 praetor

187 397 339 439 ducere
372 412 421 439 eo
454 396 703 452 transfugas
735 397 895 451 iussus,
928 398 1061 438 secuti
1092 398 1219 438 multi
1240 413 1290 439 ex
1310 398 1613 439 mercennariis
1634 399 1750 439 auxi-

137 468 157 499 3
185 456 255 497 liis
295 459 504 522 'quattuor
547 456 668 497 milia
715 430 977 498 armatoium
1023 457 1263 498 effecerunt.
1315 459 1358 497 et
1396 457 1667 499 mittentibus
1709 461 1751 499 et

183 515 326 556 missis
359 530 409 557 ea
440 516 555 557 laeta
588 515 802 570 expeditio
834 515 934 557 fuit:
979 530 1081 557 nam
1114 518 1156 556 et
1186 515 1284 568 illis,
1317 516 1429 570 quod
1460 516 1547 557 iam
1579 516 1650 557 diu
1682 531 1749 557 cu-

183 573 380 629 piebant,
411 573 601 616 novandi
632 589 699 616 res
733 574 900 616 occasio
934 574 1034 615 data
1061 578 1142 629 est,
1176 577 1218 615 et
1236 575 1281 616 hi
1302 575 1515 616 sentinam
1537 575 1751 629 quandam

183 633 302 674 urbis
348 634 432 675 rati
476 633 727 675 exhaustam
771 634 1052 674 laetabantur.
1110 636 1298 675 ceterum
1335 634 1587 675 levaverunt
1623 634 1750 676 modo

183 693 227 733 in
270 693 517 747 praesentia
559 693 678 733 velut
722 707 875 747 corpus
922 706 1116 747 aegrum,
1161 707 1244 747 quo
1290 707 1388 734 mox
1426 693 1470 733 in
1511 693 1751 747 graviorem

702 751 988 806 Hippocrates
1029 752 1142 792 enim
1174 751 1357 793 finitima
1388 752 1636 806 provinciae
1666 751 1750 793 Ro-

186 825 338 852 manae
369 811 508 865 primo
535 810 706 852 furtivis
728 810 1050 852 excursionibus
1071 812 1240 851 vastare
1261 811 1419 865 coepit,
1453 810 1622 865 deinde,
1655 825 1750 852 cum

185 870 238 910 ad
269 870 452 911 tuendos
487 870 699 911 sociorum
733 884 860 924 agros
892 871 1071 910 missum
1098 869 1151 909 ab
1172 869 1314 924 Appio
1340 870 1601 923 praesidium
1627 872 1752 924 esset,

185 929 383 970 omnibus
427 929 561 983 copiis
602 929 811 982 impetum
851 928 896 968 in
938 927 1180 981 oppositam
1224 929 1454 969 stationem
1496 943 1593 970 cum
1626 929 1750 970 caede

137 1000 156 1030 5
185 988 420 1029 multorum
459 987 573 1028 fecit.
630 1001 738 1041 quae
777 1002 872 1028 cum
912 989 1055 1028 essent
1086 986 1286 1028 nuntiata
1316 986 1537 1041 Marcello,
1582 988 1757 1042 legatos,

185 1046 400 1100 extemplo
435 1045 669 1100 Syracusas
707 1046 843 1099 misit,
888 1045 961 1100 qui
998 1046 1115 1099 pacis
1153 1045 1281 1086 fidem
1313 1049 1486 1100 ruptam
1519 1060 1609 1087 esse
1642 1046 1750 1087 dice-

186 1108 284 1146 rent
326 1120 404 1146 nec
444 1105 545 1146 belli
584 1104 826 1146 defuturam
865 1119 1069 1159 umquam
1109 1119 1300 1157 causam,
1344 1105 1428 1145 nisi
1465 1104 1751 1159 Hippocrates

187 1166 313 1218 atque
346 1163 559 1218 Epicydes
590 1178 679 1205 non
712 1164 764 1205 ab
793 1162 1014 1218 Syracusis
1047 1163 1174 1205 modo
1209 1163 1282 1204 sed
1312 1165 1407 1204 tota
1438 1164 1584 1218 procul
1606 1162 1754 1205 Sicilia

137 1235 157 1265 6
186 1223 503 1277 ablegarentur.

564 1222 797 1277 Epicydes,
834 1237 886 1263 ne
921 1226 995 1263 aut
1026 1237 1122 1263 reus
1155 1222 1346 1264 criminis
1379 1223 1571 1264 absentis
1602 1222 1751 1264 fratris

186 1296 390 1336 praesens
434 1284 563 1335 esset,
609 1284 683 1323 aut
724 1282 889 1323 deesset
929 1296 1006 1336 pro
1049 1283 1170 1335 parte
1213 1296 1290 1322 sua
1332 1281 1586 1322 concitando
1624 1281 1751 1332 bello,

185 1340 404 1394 profectus
438 1342 480 1381 et
511 1341 602 1395 ipse
635 1341 679 1381 in
711 1340 964 1394 Leontinos,
1004 1340 1105 1394 quia
1138 1340 1244 1381 satis
1278 1354 1350 1381 eos
1384 1340 1584 1381 adversus
1615 1354 1752 1394 popu·

184 1400 275 1440 lum
307 1398 550 1441 Romanum
583 1400 821 1441 concitatos
855 1399 1073 1452 cernebat,
1107 1401 1296 1440 avertere
1331 1399 1461 1440 etiam
1495 1399 1547 1440 ab
1576 1397 1753 1453 Syracu-

227 1516 468 1560 praesidium]
513 1527 595 1549 zum
634 1515 769 1550 Schutz
813 1526 932 1560 gegen

184 1561 243 1596 die
288 1573 335 1596 an
378 1562 483 1596 ihren
522 1562 687 1597 Grenzen
729 1563 932 1597 stehenden

183 1609 334 1646 Romen
363 1621 390 1643 s.
419 1613 450 1652 7,
477 1614 508 1644 9.

231 1655 376 1700 Zeyatio]
393 1656 492 1690 diese
507 1656 547 1691 G.
569 1656 644 1690 und
664 1656 723 1690 ihr
736 1656 930 1700 Anliegen.

231 1704 440 1748 exonerare]
469 1703 617 1748 eigentl.
644 1703 874 1745 ‘entlasten’,
901 1715 929 1736 z.

183 1749 222 1783 B.
249 1753 413 1785 senatum
433 1761 534 1792 cura,
560 1751 739 1785 civitatem
758 1753 852 1784 metu
870 1752 930 1789 (=

184 1797 364 1840 liberare),
384 1797 450 1831 hat
469 1797 549 1831 hier
567 1797 626 1831 die
643 1797 770 1840 Sache,
791 1797 931 1831 welche

184 1844 238 1878 als
270 1844 359 1878 Last
391 1844 553 1888 gedacht
583 1844 647 1888 ist,
680 1856 760 1878 zum
790 1843 931 1888 Object,

184 1891 261 1925 also
294 1908 338 1920 =
371 1892 594 1926 eoeonerandi
638 1902 749 1926 causa
791 1893 932 1932 (emone-

184 1939 324 1972 randae
350 1939 509 1973 civitatis
534 1942 662 1982 causa)
680 1948 854 1973 removere
874 1938 932 1972 od

185 1985 341 2021 educere.

233 2036 264 2065 2
316 2033 574 2067 mercennariis
618 2033 788 2078 auoeiliis]
844 2032 933 2066 zwei

185 2077 322 2121 Subst.;
349 2079 423 2123 vgl.
451 2091 495 2113 zu
524 2084 577 2123 16,
605 2084 635 2114 6.

232 2106 504 2171 effecerunt]=
526 2108 775 2169 6ω11ῐ6υ611111ὐ;
799 2126 933 2161 ebenso

185 2171 251 2215 25,
279 2177 315 2216 3,
344 2176 374 2207 7.
427 2173 475 2207 So
508 2173 610 2207 Caes.
643 2173 713 2208 BC.
748 2173 787 2216 1,
825 2176 885 2217 15,
913 2176 932 2206 5

186 2219 342 2262 efficere;
369 2219 442 2253 BG.
472 2219 504 2262 7,
533 2224 588 2263 75,
615 2223 635 2253 5
661 2221 842 2263 complere.

233 2269 265 2300 3.
291 2267 367 2300 illis
393 2286 435 2291 —
457 2267 509 2311 722⁴]
536 2278 622 2300 man
649 2267 757 2301 sollte
783 2267 840 2300 his
860 2266 932 2300 und

185 2313 244 2347 illi·
290 2314 470 2347 erwarten
514 2313 583 2347 mit
626 2313 830 2347 Rficksicht
872 2313 937 2347 auf

184 2360 406 2397 mittentibus
431 2360 504 2394 und
531 2361 668 2401 missis;
693 2360 806 2395 allein
832 2360 932 2394 diese

187 2407 357 2452 Stellung
391 2407 458 2441 hat
491 2407 571 2442 Liv.
608 2418 673 2441 aus
710 2407 794 2441 dem
828 2408 933 2450 Auge

185 2454 354 2488 verloren
379 2454 456 2488 und
481 2454 699 2489 bezeichnet
718 2454 778 2488 die
797 2455 932 2497 missos,

187 2500 246 2535 die
260 2501 561 2546 Ausgezogenen,
579 2501 676 2545 jetzt
688 2502 727 2535 in
740 2502 804 2535 der
817 2501 933 2535 Ferne

187 2547 440 2582 Befindlichen
474 2548 544 2582 mit
578 2549 652 2589 illi,
687 2548 746 2582 die
774 2547 933 2582 Zurl’ick-

187 2594 431 2638 gebliebenen
477 2596 653 2630 mittentes
696 2596 766 2629 mit
806 2596 846 2629 hi
881 2594 932 2628 im

189 2640 317 2675 Geiste
343 2642 407 2676 der
434 2642 696 2686 Syrakusaner.

235 2692 267 2721 4.
284 2689 459 2734 finitima]
476 2689 778 2723 substantivierte
793 2689 935 2723 Neutra

188 2734 286 2769 Plur.
315 2736 389 2778 (am
415 2736 623 2780 h'aufigsten
649 2736 700 2770 im
725 2736 832 2770 Nom.
861 2735 935 2769 und

189 2782 286 2823 Ace„
336 2783 420 2816 weil
470 2783 552 2817 hier
600 2783 665 2817 das
715 2782 937 2817 Geschlecht

189 2826 382 2862 kenntlich
408 2830 469 2873 ist)
496 2829 629 2864 dienen
656 2830 728 2872 oft,
754 2829 824 2864 wie
844 2828 935 2872 hier,

190 2885 251 2906 zur
295 2874 552 2921 Bezeichnung
594 2887 666 2911 von
704 2876 935 2910 Localitaten

1002 1514 1079 1548 und
1110 1515 1257 1550 werden
1288 1527 1360 1549 von
1386 1514 1425 1550 L.
1453 1526 1546 1559 ganz
1579 1515 1757 1560 gewohn·

1003 1562 1079 1596 11011
1105 1562 1175 1596 mit
1199 1561 1318 1596 einem
1339 1561 1427 1596 Gen.
1448 1562 1572 1606 partit.
1593 1561 1750 1596 verbun—

1006 1610 1095 1643 den:
1136 1609 1209 1643 ‘die
1249 1609 1530 1652 angrenzenden
1569 1608 1750 1650 Striche’3

1005 1657 1079 1701 vgl.
1107 1656 1172 1699 25,
1202 1660 1256 1699 13,
1286 1660 1329 1689 14
1360 1657 1512 1690 nitentes
1538 1667 1606 1699 per
1632 1655 1752 1690 ardua

1005 1703 1127 1737 hostes.
1179 1703 1245 1745 26,
1280 1706 1341 1743 20,
1370 1707 1389 1737 6
1428 1705 1673 1737 concesserant
1709 1703 1750 1736 in

1004 1751 1276 1785 mediterranea.
1306 1749 1449 1784 ebenda
1474 1753 1530 1793 40,
1558 1753 1578 1784 9
1605 1760 1685 1783 cum
1710 1750 1751 1783 in

1004 1798 1123 1831 media
1148 1798 1250 1831 urbis
1275 1797 1407 1838 iretur3
1433 1796 1472 1830 in
1497 1796 1672 1831 auderem
1686 1795 1753 1830 Ca-

1006 1855 1066 1879 sus
1092 1857 1121 1878 z.
1151 1844 1187 1878 B.
1215 1844 1275 1887 26,
1303 1847 1359 1887 25,
1386 1848 1405 1878 3
1438 1844 1592 1877 vastatis
1622 1843 1750 1887 proxi-

1004 1892 1072 1925 mis
1099 1891 1258 1936 Illyrici.
1308 1891 1407 1925 Aber
1438 1891 1533 1924 auch
1564 1901 1636 1925 von
1661 1889 1752 1924 Din—

1006 1949 1078 1983 gen
1096 1938 1271 1972 kommen
1291 1937 1415 1972 solche
1434 1937 1577 1972 Neutra
1595 1937 1633 1971 in
1653 1937 1752 1971 allen

1007 1986 1120 2020 Casus
1156 1985 1260 2019 nicht
1293 1985 1410 2019 selten
1444 1995 1510 2019 vor
1545 1985 1616 2028 (wo
1650 1984 1753 2018 sonst

1005 2043 1060 2067 163
1092 2031 1333 2077 hinzugefiigt
1364 2044 1408 2065 zu
1440 2031 1587 2066 werden
1611 2030 1752 2084 pflegt)‚

1006 2079 1075 2113 wie
1099 2083 1154 2122 21,
1182 2083 1202 2112 4
1223 2091 1256 2112 11.
1278 2082 1334 2121 47,
1362 2083 1382 2112 6
1408 2078 1556 2122 iynaros
1581 2078 1751 2112 omnium.

1007 2130 1109 2168 24,1
1136 2126 1192 2160 his
1219 2126 1423 2160 audiendis.
1450 2129 1507 2168 45,
1536 2128 1579 2158 14
1600 2124 1752 2169 coynitis

1007 2154 1181 2207 ominibus.

1054 2223 1085 2254 5.
1108 2220 1215 2262 pacis
1239 2218 1358 2262 fidem]
1375 2218 1439 2252 der
1455 2217 1748 2262 θ161511100116116,

1007 2265 1235 2310 garantierte
1262 2264 1422 2308 Friede',
1449 2264 1534 2299 weil
1558 2265 1646 2307 fides
1671 2263 1754 2298 hier

1005 2313 1152 2357 passive
1180 2312 1399 2356 Bedeutung
1425 2312 1508 2354 hat,
1548 2322 1588 2346 so
1614 2311 1686 2355 oft,
1722 2323 1750 2345 z,

1006 2360 1045 2393 B.
1073 2359 1109 2402 3,
1136 2363 1191 2402 18,
1218 2363 1238 2393 3
1271 2360 1375 2401 fldem
1410 2359 1592 2401 foederum
1617 2359 1657 2393 id
1687 2368 1752 2402 100-

1005 2417 1108 2441 scere.
1149 2406 1208 2449 27,
1236 2409 1291 2450 30,
1320 2410 1362 2440 12
1390 2409 1517 2440 eontra
1541 2405 1645 2448 fidem
1671 2415 1752 2439 con-

1005 2454 1195 2488 ventionis.

1055 2505 1086 2535 6.
1108 2500 1295 2546 praesens]
1319 2516 1363 2528 -—-
1389 2500 1422 2533 si
1447 2499 1581 2533 adesset
1607 2498 1695 2532 oder
1719 2499 1753 2532 si

1006 2547 1203 2593 Syracusis
1227 2550 1396 2581 maneret.

1053 2594 1182 2639 deesse]
1215 2594 1284 2628 mit
1315 2593 1397 2628 Dat.
1433 2592 1526 2627 ‘sich
1559 2591 1751 2626 entziehen

1007 2645 1039 2683 (ξ
1068 2644 1144 2685 12),
1180 2652 1218 2675 es
1244 2652 1290 2675 an
1310 2640 1532 2683 Bemtihung
1556 2639 1615 2672 fiir
1638 2639 1752 2672 etwas

1005 2689 1131 2723 fehlen
1158 2688 1307 2722 lassen'.

1049 2745 1121 2779 pro
1144 2738 1251 2779 paite
1268 2734 1352 2779 sua]
1375 2733 1508 2768 ebenso
1530 2731 1590 2774 23,
1610 2735 1667 2774 33,
1689 2735 1750 2774 10,

1008 2783 1110 2816 sonst
1138 2792 1207 2825 pro
1238 2782 1340 2815 virili
1365 2783 1472 2824 parte
1506 2779 1555 2822 (1,
1581 2777 1696 2823 praef.
1717 2782 1750 2812 3.

1008 2828 1069 2871 26,
1107 2832 1164 2870 36,
1203 2829 1237 2871 3)
1282 2828 1369 2862 oder
1399 2836 1471 2870 pro
1504 2829 1612 2870 parte
1649 2824 1753 2859 virili

1009 2856 1069 2919 <3‚'
1085 2879 1140 2919 71,
1167 2876 1214 2918 s).
