1882 3163
128 123 155 142 a.
180 116 247 143 Chr.
272 124 301 142 n.
327 117 388 142 214.

645 105 792 140 LIBER
816 106 967 140 XXIIII.
1005 104 1107 142 CAP.
1135 109 1191 140 14.
1640 105 1697 146 25

127 216 247 270 dum,
285 215 397 269 quod
429 214 642 269 praesidio
675 213 834 255 Punico
866 214 1114 267 tenebatur,
1152 213 1286 267 venit,
1319 216 1362 254 et
1395 213 1447 255 ad
1478 212 1698 255 Beneven-

128 278 221 316 tum
261 274 378 316 velut
415 288 466 315 ex
505 272 742 328 composito
780 274 903 326 parte
943 272 1079 314 altera
1110 272 1268 314 Hanno
1302 287 1353 313 ex
1384 271 1566 314 Bruttiis
1601 287 1697 314 cum

128 347 287 389 magna
317 333 510 387 peditum
543 332 817 387 equitumque
850 346 998 385 manu,
1031 331 1168 372 altera
1199 331 1260 372 Ti.
1289 330 1507 373 Gracchus
1541 332 1594 373 ab
1615 331 1697 373 Lu-

129 393 241 434 ceria
272 392 461 433 accessit.
510 391 583 445 qui
614 391 753 445 primo
786 390 992 444 oppidum
1018 390 1213 444 intravit,
1246 390 1416 444 deinde,
1447 393 1495 432 ut
1520 390 1695 432 Hanno·
1723 399 1746 431 2

128 465 227 492 nem
265 452 350 492 tria
387 451 506 492 milia
536 450 671 491 ferme
703 449 757 490 ab
789 449 893 490 urbe
926 449 979 490 ad
1012 447 1209 490 Calorem
1241 449 1418 490 fluvium
1451 452 1593 491 castra
1623 465 1698 504 po-

129 511 264 552 suisse
297 513 339 551 et
369 510 468 551 inde
500 522 651 563 agrum
682 508 881 562 populari
913 507 1094 561 audivit,
1126 511 1169 549 et
1199 508 1290 562 ipse
1317 522 1511 563 egressus
1539 509 1698 550 moeni-

130 569 211 610 bus
249 569 366 610 mille
403 568 538 609 ferme
576 582 727 621 passus
766 567 820 608 ab
852 566 978 608 hoste
1011 569 1154 608 castra
1185 567 1311 609 locat.
1361 567 1422 608 ibi
1454 568 1699 609 contionem

129 628 313 669 militum
356 627 520 669 habuit.
570 626 761 681 legiones
806 639 964 680 magna
1008 640 1058 667 ex
1102 628 1224 680 parte
1256 626 1459 667 volonum
1499 626 1700 681 habebat,
1725 635 1748 666 3

128 687 202 742 qui
239 687 325 728 iam
358 687 539 728 alterum
572 700 732 726 annum
763 685 1008 726 libertatem
1043 686 1174 726 tacite
1205 685 1360 726 mereri
1393 699 1521 740 quam
1554 688 1699 740 postu-

126 746 216 787 lare
247 746 391 800 palam
423 745 674 786 maluerant.
725 747 919 785 senserat
950 747 1096 786 tamen
1121 744 1312 785 hibernis
1340 744 1560 799 egrediens
1587 759 1699 785 mur-

127 820 223 846 mur
254 806 298 845 in
331 804 500 860 agmine
533 818 623 846 esse
651 803 965 858 quaerentium,
998 818 1051 845 en
1082 818 1285 857 umquam
1316 803 1444 844 liberi
1471 803 1701 844 militaturi

129 872 287 918 essent,
319 864 633 918 scripseratque
666 863 833 904 senatui
864 877 952 904 non
982 865 1071 904 tam
1099 862 1200 917 quid
1227 862 1539 914 desiderarent,
1571 877 1700 916 quam
1726 871 1750 901 4

128 922 230 978 quid
267 923 541 964 meruissent:
586 922 700 964 bona
737 921 923 976 fortique
955 936 1085 976 opera
1117 936 1264 963 eorum
1298 936 1341 962 se
1375 921 1427 962 ad
1461 936 1556 963 eam
1589 921 1700 963 diem

128 997 270 1035 usum,
315 996 452 1036 neque
495 981 548 1022 ad
587 981 829 1034 exemplum
861 981 963 1022 iusti
995 981 1144 1022 militis
1178 981 1406 1035 quicquam
1439 980 1500 1022 eis
1532 982 1703 1034 praeter

128 1041 372 1082 libertatem
404 1040 561 1082 deesse.
614 1040 663 1081 de
703 1054 751 1081 eo
784 1040 1041 1094 permissum
1072 1040 1157 1094 ipsi
1189 1044 1298 1093 erat,
1341 1039 1499 1081 faceret
1532 1039 1645 1093 quod
1678 1053 1699 1080 e
1727 1048 1749 1079 5

128 1114 173 1141 re
213 1100 386 1154 publica
417 1100 591 1141 duceret
622 1113 727 1140 esse.
777 1099 922 1154 itaque
954 1099 1203 1153 priusquam
1237 1114 1334 1140 cum
1366 1099 1490 1140 hoste
1524 1113 1699 1139 manum

130 1161 388 1212 consereret,
420 1158 673 1213 pronuntiat
703 1161 872 1212 tempus
905 1158 1071 1200 venisse
1104 1158 1164 1199 eis
1197 1158 1430 1208 libertatis,
1464 1172 1593 1212 quam
1627 1157 1698 1198 diu

130 1220 393 1272 sperassent,
443 1217 684 1272 potiundae.

753 1219 926 1271 postero
974 1217 1040 1258 die
1080 1217 1214 1272 signis
1253 1217 1435 1258 conlatis
1474 1216 1696 1258 dimicatu-
1725 1225 1746 1256 6

129 1291 225 1318 rum
269 1292 378 1331 puro
424 1291 472 1317 ac
517 1276 685 1330 patenti
728 1290 898 1330 campo,
943 1276 1017 1317 ubi
1050 1276 1142 1317 sine
1174 1276 1262 1317 ullo
1295 1275 1548 1317 insidiarum
1580 1278 1698 1316 metu

128 1349 229 1377 vera
260 1336 420 1377 virtute
453 1336 543 1390 geri
575 1350 642 1376 res
674 1338 832 1389 posset.
883 1335 954 1390 qui
988 1337 1117 1389 caput
1147 1335 1288 1376 hostis
1314 1335 1569 1388 rettulisset,
1602 1349 1700 1375 eum
1728 1344 1747 1374 7

131 1487 321 1532 sprache
359 1487 436 1521 des
474 1487 680 1521 ersteren
719 1497 771 1520 an
810 1486 880 1521 die

130 1534 320 1569 volones.

178 1597 210 1628 2.
243 1593 319 1628 tria
338 1592 459 1638 milia]
480 1592 551 1627 mit
563 1592 789 1638 Erganzung
808 1604 881 1628 von

129 1651 317 1685 passuum,
344 1639 414 1675 wie
441 1644 473 1683 3,
501 1644 521 1674 3
549 1652 583 1673 u,
610 1641 724 1674 sonst.

182 1699 308 1745 Calor]
348 1698 407 1734 ein
442 1698 662 1733 Nebenfluss
697 1699 761 1733 des
794 1698 880 1733 Vol-

131 1748 271 1800 turnus,
316 1757 364 1781 an
407 1746 587 1781 welchem
625 1746 880 1781 Beneventum

133 1794 334 1886 lwgtipse]
369 1841 502 1886 gehort
534 1853 577 1874 zu
609 1844 730 1875 castra
763 1841 804 1883 l.,
843 1851 882 1874 er

137 1887 281 1922 bezieht
309 1887 552 1932 ‘gleichfalls‘
581 1887 641 1922 ein
667 1887 797 1932 Lager.

182 1946 396 1991 contionem]
433 1946 498 1981 der
525 1946 658 1980 Zweck
691 1946 882 1980 derselben

135 1993 228 2028 wird
254 1996 273 2035 ξ
300 1997 319 2027 5
348 1994 416 2028 mit
442 1995 563 2038 itaque
589 1993 817 2038 angegeben.

182 2056 215 2086 3.
244 2052 426 2098 volonum]
449 2065 474 2087 s.
495 2056 549 2096 10,
565 2056 584 2086 3
606 2052 670 2086 ubi
689 2062 769 2086 cum
788 2052 881 2086 volo-

138 2109 224 2133 num
250 2100 409 2134 exercitu.
436 2103 523 2135 erat.

182 2157 346 2181 murmur
372 2146 635 2191 quaerentium]
663 2145 787 2180 solche
808 2145 881 2189 (bei

135 2193 176 2228 L.
217 2193 379 2238 haufige)
418 2193 507 2229 Gen.
548 2193 646 2227 Plur.
682 2193 744 2227 des
782 2193 880 2228 Part.

134 2240 257 2275 Praes.
275 2241 384 2276 sucht
403 2252 490 2275 man
511 2240 666 2275 deutsch
681 2240 797 2274 durch
819 2240 881 2274 ab·

135 2288 270 2322 straete
282 2287 404 2322 Subst.
419 2287 741 2333 wiederzugeben3
754 2298 881 2322 murm.

137 2334 230 2368 wir-d
257 2335 342 2379 Adj.
372 2335 585 2370 ‘halblaut'.

183 2404 225 2427 en
252 2394 447 2428 militaturi
473 2394 599 2437 essent]
628 2393 666 2427 in
692 2393 756 2427 der
773 2393 883 2427 Form

136 2440 347 2485 unwilliger
385 2440 503 2483 Frage
542 2440 648 2474 einen
692 2440 882 2474 lebhaften

138 2488 302 2522 Wunsch
329 2487 602 2528 ausdruckend3
635 2488 726 2521 stete
756 2486 817 2521 bei
842 2487 882 2521 L.

137 2546 180 2569 en
202 2546 380 2579 umquam,
408 2534 488 2568 eine
513 2533 711 2578 chndung
731 2533 794 2568 (les
816 2534 882 2567 Ge-

138 2581 366 2626 spri'ichtons.
409 2581 485 2615 Vor
510 2581 590 2624 quis
617 2593 649 2614 u.
678 2581 766 2624 quid
792 2580 883 2614 wird

139 2639 182 2662 en
214 2640 258 2662 zu
291 2640 326 2663 ec
359 2628 432 2662 und
471 2627 665 2662 verbindet
703 2627 782 2661 sich
817 2627 886 2661 mit

141 2675 342 2710 denselben
369 2688 411 2709 zu
438 2675 557 2709 einem
585 2674 724 2708 Worte.

187 2737 218 2767 4.
256 2734 349 2768 bona
375 2733 533 2777 fortique
558 2744 667 2777 opera
695 2753 733 2757 —
764 2733 883 2778 usnm]

141 2780 216 2825 vgl.
243 2780 301 2822 22,
330 2785 385 2820 59,
416 2785 454 2814 11
484 2781 558 2814 illis
584 2781 686 2814 bonis
713 2791 755 2814 ae
779 2781 883 2821 sorti-

141 2827 206 2861 bus
249 2828 427 2862 militibus
470 2828 641 2868 utemz'nz';
681 2827 785 2871 jones
825 2838 886 2870 ge-

141 2874 377 2918 wohnlichcr,
406 2875 474 2909 wic
495 2879 550 2917 47,
571 2880 607 2908 11
637 2885 746 2918 opera
766 2885 886 2908 eorum

953 1486 1043 1529 forti
1069 1496 1111 1521 ae
1135 1486 1235 1529 fideli
1259 1496 1351 1529 resp.
1378 1496 1445 1520 usa
1471 1489 1536 1528 est;
1566 1486 1701 1520 ebenso

954 1533 1016 1575 23,
1037 1537 1094 1575 46,
1122 1537 1153 1568 6.
1190 1534 1298 1577 fortis
1321 1545 1355 1568 u.
1381 1533 1498 1576 fidelis
1524 1533 1606 1567 sind
1627 1532 1702 1567 die-

950 1580 1104 1625 jenigen
1139 1579 1466 1625 Bezeichnungen,
1511 1580 1581 1614 mit
1618 1579 1704 1614 wel-

955 1628 1048 1662 chen
1092 1627 1423 1672 Bundesgenossen
1477 1627 1606 1662 belobt
1659 1639 1704 1661 zu

954 1675 1102 1709 werden
1134 1675 1291 1720 pflegen.
1343 1674 1418 1709 Der
1443 1674 1612 1709 Loskauf
1640 1674 1706 1708 der

953 1722 1013 1757 bei
1040 1721 1188 1756 Cannae
1215 1722 1400 1767 gefangen
1433 1731 1705 1766 genommenen

954 1769 1090 1804 Romer
1122 1769 1324 1804 widerrath
1351 1768 1513 1803 Manlius
1539 1769 1705 1813 Torqua-

953 1818 1015 1851 tus
1047 1817 1116 1850 mit
1154 1816 1225 1850 den
1257 1816 1413 1851 Worten
1449 1813 1528 1859 (22,
1556 1819 1617 1857 60,
1644 1817 1705 1859 20)

955 1874 1055 1908 quem.
1088 1864 1136 1898 ad
1168 1864 1312 1897 modum
1338 1863 1377 1897 hi
1403 1863 1489 1897 bom·
1518 1863 1706 1906 fidelesque

956 1914 1055 1954 (nam
1074 1911 1185 1953 fortes
1206 1922 1248 1944 ne
1266 1911 1341 1954 ipsi
1360 1910 1502 1954 quidem
1528 1910 1705 1953 dixerint)

956 1958 1048 1992 cives
1073 1968 1144 1992 esse
1163 1956 1352 2001 possunt?

1003 2028 1108 2073 iusti]
1142 2027 1208 2062 wie
1235 2032 1298 2071 41,
1325 2032 1345 2062 5
1379 2039 1456 2062 cum
1486 2028 1581 2062 iusto
1607 2038 1705 2062 ezer-

957 2076 1032 2110 citu
1058 2076 1223 2117 adveni&
1250 2076 1325 2120 vgl.
1347 2075 1406 2117 25,
1436 2079 1502 2117 1,3
1530 2075 1620 2109 iusti
1639 2075 1704 2109 ‹Iu-

956 2123 1007 2157 ez's
1032 2124 1182 2166 speeiem
1207 2126 1357 2163 naetus;
1383 2122 1449 2156 wir
1471 2121 1705 2156 volksthiim-

956 2169 1051 2204 lich:
1078 2170 1138 2204 ein
1167 2169 1388 2215 ‘richtiger'.

1004 2244 1037 2274 5.
1061 2241 1265 2284 permittere
1290 2240 1347 2285 de]
1375 2239 1435 2275 bei
1450 2240 1486 2275 L.
1509 2240 1616 2274 nicht
1637 2240 1707 2274 sel-

956 2289 1037 2331 ten,
1075 2287 1170 2322 doch
1203 2287 1313 2321 meist
1345 2288 1440 2321 ohne
1467 2287 1706 2331 abhangigen

959 2334 1045 2369 Satz
1072 2334 1156 2379 (wie
1182 2335 1264 2369 hier
1288 2335 1452 2377 faceret);
1480 2334 1554 2379 vgl.
1583 2338 1601 2375 ἓ
1624 2337 1644 2367 8
1670 2345 1702 2367 u.

958 2381 1018 2424 28,
1039 2386 1096 2424 45,
1120 2386 1140 2416 2
1169 2382 1329 2416 Fulvius
1351 2382 1551 2425 postulavit
1575 2393 1598 2415 a
1624 2391 1702 2414 eon-

956 2430 1051 2471 sule,
1089 2433 1129 2462 ut
1163 2429 1289 2473 palam
1322 2429 1362 2462 in
1396 2432 1525 2462 senatu
1563 2428 1707 2470 (liceret,

955 2477 1219 2519 permitteretne
1233 2476 1418 2519 patribus,
1438 2478 1478 2508 ut
1498 2475 1540 2508 de
1553 2475 1705 2518 provin-

957 2523 1023 2557 ciis
1055 2523 1281 2557 decernerent
1307 2535 1340 2556 u.
1371 2522 1452 2556 ebd.
1481 2526 1499 2562 ἓ
1527 2526 1546 2555 6
1580 2521 1705 2555 consul

956 2571 1101 2603 senatui
1126 2570 1168 2603 ‹Ie
1189 2570 1393 2613 procinez'is
1413 2569 1603 2612 permittit.

1007 2644 1038 2673 6.
1072 2639 1182 2684 puro]
1212 2655 1256 2668 =
1280 2640 1405 2682 plano,
1431 2638 1500 2673 frei
1526 2650 1597 2673 von
1624 2639 1704 2673 hin-

959 2686 1122 2720 dernden
1150 2686 1451 2730 Gegenstandem
1490 2686 1539 2720 ist
1570 2686 1706 2728 selten3

959 2733 1127 2777 haufiger
1171 2733 1255 2776 (wie
1298 2733 1363 2776 31,
1396 2737 1458 2774 39,
1495 2735 1551 2776 10)
1597 2733 1707 2767 libero

960 2791 1095 2823 eampo.
1153 2780 1226 2814 Der
1264 2780 1386 2815 blosse
1424 2780 1506 2814 Abl.
1546 2779 1613 2814 auf
1648 2780 1706 2814 die

960 2828 1076 2871 Frage
1116 2827 1211 2861 Wo?
1252 2827 1302 2861 ist
1339 2827 1398 2862 bei
1431 2826 1470 2861 L.
1510 2839 1604 2871 ganz
1643 2837 1705 2871 ge-

960 2874 1156 2909 wolmlich.
