1882 3163
652 119 796 154 LIBER
821 119 935 154 XXII.
986 118 1088 154 CAP.
1116 122 1171 154 60.
1634 117 1689 159 91

122 139 152 159 a.
171 131 238 159 chr.
257 132 319 157 216.

126 244 216 272 non
248 229 384 284 captis
417 227 542 269 modo
574 227 621 268 in
653 227 743 268 acie
783 226 836 267 ab
873 226 1072 268 hostibus
1113 226 1185 267 sed
1226 226 1357 267 etiam
1394 225 1466 279 iis,
1507 226 1580 280 qui
1605 224 1689 266 Ve-

127 289 299 330 nusiam
333 286 651 340 Canusiumque
683 288 984 339 pervenerunt,
1012 287 1138 339 atque
1170 284 1255 339 ipsi
1288 283 1334 327 C.
1367 284 1566 327 Terentio
1593 299 1691 326 con-

126 347 211 389 suli
245 361 392 388 aecum
419 344 678 397 censuerint,
710 343 818 384 nihil
843 359 920 386 vos
947 357 1112 397 eorum,
1137 346 1284 398 patres
1312 343 1557 398 conscripti,
1583 357 1692 398 quae

126 406 215 447 illic
249 408 345 447 acta
371 407 488 458 sunt,
518 404 719 459 ignorare
746 402 899 457 patiar.
944 404 1072 456 atque
1098 403 1265 443 utinam
1291 402 1415 456 haec,
1444 417 1552 457 quae
1578 402 1691 457 apud

125 479 201 506 vos
224 467 396 506 acturus
425 478 531 516 sum,
558 460 744 515 Canusii,
781 461 894 516 apud
920 461 1062 515 ipsum
1088 461 1323 502 exercitum
1356 475 1547 516 agerem,
1580 461 1690 516 opti-

126 538 245 565 mum
276 525 430 564 testem
464 521 662 575 ignaviae
696 519 900 574 cuiusque
939 523 982 561 et
1016 520 1209 573 virtutis,
1242 521 1316 560 aut
1353 534 1461 560 unus
1500 520 1570 561 hic
1608 520 1689 561 sal-

125 585 215 623 tem
241 581 408 623 adesset
429 579 474 621 P.
496 578 786 633 Sempronius,
802 593 928 633 quem
955 578 991 619 si
1016 578 1091 619 isti
1112 578 1262 619 ducem
1283 578 1417 619 secuti
1438 581 1593 633 3333111,
1614 579 1690 619 mi·

125 641 222 682 lites
255 639 381 681 hodie
412 639 457 679 in
484 638 635 679 castris
656 637 877 692 Romanis,
904 651 994 679 non
1021 637 1213 691 captivi
1201 651 1247 678 m
1266 636 1457 679 hostium
1476 639 1690 691 potestate

128 700 282 740 essent.
328 697 402 739 sed
422 712 518 739 cum
537 696 663 738 fessis
676 696 917 763 ’pugnando
949 695 1149 739 hostibus
1181 698 1274 737 tum
1294 696 1477 737 victoria
1496 696 1620 738 laetis
1650 698 1693 737 et

124 757 230 812 ipsis
257 757 473 811 plerisque
499 755 708 810 regressis
728 756 775 797 in
805 757 948 797 castra
975 769 1070 809 sua,
1101 757 1272 796 noctem
1299 755 1352 796 ad
1384 755 1691 808 erumpendum

126 816 307 857 liberam
327 815 601 867 habuissent,
628 816 671 855 et
696 816 861 868 septem
882 814 1004 855 milia
1025 816 1290 855 armatorum
1309 814 1534 855 hominum
1555 828 1692 855 erum-

127 889 227 930 pere
249 874 379 916 etiam
397 888 476 927 per
501 873 715 915 confertos
736 873 884 915 hostes
905 875 1103 927 possent,
1135 887 1273 927 neque
1292 887 1368 927 per
1388 886 1433 913 se
1459 872 1543 926 ipsi
1569 872 1613 913 id
1632 872 1693 914 fa-

125 948 218 975 cere
240 933 384 975 conati
411 935 525 985 sunt,
551 946 689 986 neque
715 933 846 973 alium
867 932 987 987 sequi
1013 932 1254 974 voluerunt.
1296 934 1421 974 nocte
1442 945 1574 986 prope
1600 933 1694 973 tota

127 991 173 1034 P.
194 991 474 1047 Sempronius
495 991 737 1032 Tuditanus
758 1006 847 1033 non
867 991 1033 1032 destitit
1053 1005 1226 1032 monere
1240 990 1459 1032 adhortari
1481 1004 1566 1043 eos,
1593 990 1694 1031 dum

127 1052 321 1106 paucitas
348 1051 537 1092 hostium
559 1050 670 1092 31133
691 1053 844 1104 333113,
865 1050 966 1091 (111111
987 1050 1106 1104 quies
1128 1064 1176 1091 33
1201 1050 1420 1091 3113111111111
1442 1052 1566 1102 33331,
1592 1049 1694 1090 (111111

128 1124 214 1152 11οΧ
240 1111 458 1164 inceptum
484 1112 628 1164 tegere
654 1112 818 1163 posset,
847 1122 891 1150 se
918 1109 1068 1150 ducem
1096 1111 1391 1163 sequerentur:
1428 1111 1527 1149 ante
1553 1108 1693 1149 lucem

130 1168 354 1223 pervenire
380 1169 424 1209 in
450 1170 546 1209 tuta
572 1168 685 1222 loca,
716 1168 761 1208 in
789 1167 1001 1209 sociorum
1027 1167 1154 1208 urbes
1181 1181 1320 1221 posse.
1365 1167 1413 1217 si,
1439 1169 1488 1207 ut
1513 1181 1691 1208 avorum

128 1227 336 1269 memoria
366 1227 412 1269 P.
444 1227 601 1268 Decius
641 1226 840 1267 tribunus
873 1227 1059 1267 militum
1092 1226 1137 1266 in
1170 1224 1363 1279 Samnio,
1403 1226 1456 1280 si,
1488 1228 1536 1266 ut
1567 1226 1693 1266 nobis

125 1286 475 1328 adulescentibus
501 1286 643 1340 priore
669 1285 830 1327 Punico
858 1285 971 1326 bello
993 1284 1250 1339 Calpurnius
1269 1285 1464 1325 Flamma
1486 1284 1691 1325 trecentis

125 1344 402 1399 voluntariis,
428 1359 525 1386 cum
553 1344 606 1385 ad
628 1343 843 1385 tumulum
870 1358 942 1385 eos
969 1343 1224 1397 capiendum
1245 1343 1376 1384 situm
1395 1343 1506 1384 inter
1527 1342 1691 1384 medios

127 1403 301 1446 duceret
332 1403 488 1458 hostis,
526 1403 635 1444 dixit
665 1403 944 1457 „moriamur,
982 1403 1160 1457 milites,
1192 1405 1234 1444 et
1265 1405 1402 1444 morte
1434 1404 1583 1444 nostra
1616 1402 1693 1442 eri-

127 1462 296 1517 piamus
337 1476 387 1503 ex
426 1462 648 1503 obsidione
693 1462 1007 1503 circumventas
1045 1460 1280 1516 legiones“,
1319 1461 1355 1502 si
1386 1461 1469 1503 hoc
1500 1461 1545 1502 P.
1579 1459 1693 1502 Sem-

126 1521 304 1575 pronius
338 1521 513 1575 diceret,
545 1535 623 1562 nec
654 1521 769 1562 viros
803 1520 999 1575 equidem
1024 1534 1103 1562 nec
1128 1519 1350 1562 Romanos
1383 1534 1458 1561 vos
1485 1520 1695 1573 ducerem,

129 1581 166 1621 si
197 1594 322 1622 nemo
354 1583 503 1621 tantae
538 1579 708 1621 virtutis
733 1580 946 1621 extitisset
972 1593 1126 1621 comes.
1174 1579 1290 1620 viam
1316 1593 1403 1620 non
1430 1578 1483 1620 ad
1509 1578 1695 1634 gloriam

127 1639 266 1694 magis
300 1653 429 1694 quam
463 1638 515 1680 ad
548 1639 730 1680 salutem
762 1638 971 1680 ferentem
1004 1638 1291 1690 demonstrat3
1335 1637 1510 1679 reduces
1544 1637 1590 1678 in
1621 1652 1695 1691 pa-

125 1698 255 1739 triam
287 1697 340 1739 ad
372 1700 570 1752 parentes
606 1697 659 1739 ad
691 1698 892 1752 coniuges
933 1711 981 1739 ac
1013 1697 1171 1739 liberos
1210 1697 1324 1738 facit.
1374 1699 1422 1737 ut
1455 1696 1682 1738 servemini

128 1755 248 1798 deest
292 1756 415 1798 vobis
461 1757 650 1798 animus:
702 1756 819 1810 quid,
869 1756 905 1797 si
951 1756 1218 1797 moriendum
1264 1770 1343 1810 pro
1385 1755 1527 1810 patria
1570 1757 1696 1808 esset,

127 1895 236 1938 ferri,
275 1898 429 1940 erg'anze
462 1905 507 1930 se.
553 1915 596 1919 —
634 1898 876 1939 pervenerunt

129 1942 310 1977 verdeckt
335 1941 395 1976 die
421 1941 567 1977 Flucht.

178 1992 304 2024 8—10.
332 1990 432 2034 apud
458 1999 582 2031 exerc„
609 1988 689 2023 also
709 1988 748 2022 in
775 1988 876 2023 einer

129 2036 266 2071 contio.
307 2056 347 2060 —
388 2039 464 2070 tum
497 2046 528 2070 v.
568 2036 689 2077 laetis,
736 2035 790 2070 als
829 2034 875 2070 ob

129 2083 397 2127 vorausginge:
448 2093 532 2116 cum
576 2082 748 2117 hostibus
792 2093 876 2117 cum

129 2142 164 2174 p.
191 2129 295 2164 fessis
320 2130 400 2164 tum
426 2142 459 2164 v.
487 2128 614 2172 133113,
642 2140 671 2164 c.
693 2133 749 2173 46,
777 2133 807 2164 5.
831 2150 873 2154 -

128 2180 161 2212 et
190 2177 299 2221 ipsis,
337 2177 407 2212 wie
445 2177 541 2212 auch
578 2177 638 2211 die
670 2176 807 2211 111511131-
837 2176 877 2211 111

130 2223 195 2258 (133
227 2223 349 2268 Lagei·
381 2224 459 2258 sich
495 2223 766 2268 zurfickzogen3
799 2224 876 2268 ple·

129 2271 269 2315 risque,
295 2271 343 2305 da.
368 2271 465 2306 nach
491 2282 520 2305 3.
549 2274 610 2314 50,
633 2274 653 2305 8
674 2271 698 2305 f.
726 2271 791 2305 das
818 2274 876 2305 ro·

130 2317 270 2353 mische
297 2317 418 2362 Lager
443 2330 511 2352 nur
536 2329 610 2352 von
637 2317 876 2352 Schwarmen

130 2375 202 2399 von
221 2365 441 2399 Numidiern
468 2364 626 2399 cerniert
645 2375 732 2399 war.
750 2385 791 2390 —
808 2375 877 2409 per

129 2411 320 2455 confertos,
342 2411 401 2446 die
420 2410 668 2456 Praposition,
689 2412 758 2446 wie
779 2415 798 2454 ξ
819 2416 874 2446 27.

131 2470 160 2494 c.
190 2463 246 2502 50,
273 2462 304 2493 8.
345 2479 388 2483 —
421 2470 489 2502 per
518 2469 570 2500 se,
610 2469 675 2493 aus
707 2459 876 2503 eigenem

131 2505 319 2541 Antriebe.
344 2526 387 2532 -—
414 2509 515 2540 nocte
535 2516 594 2549 pr.
621 2509 708 2546 tota,
735 2505 876 2550 Hyper-

130 2553 193 2587 bel
218 2553 313 2587 nach
341 2564 370 2588 c.
398 2557 454 2596 50,
481 2552 548 2587 eff.
578 2572 621 2576 ——
647 2563 787 2587 monere
813 2553 876 2587 ad-

131 2599 289 2643 hortari,
328 2599 622 2644 zweigliedriges
660 2598 877 2642 Asyndeton

133 2646 197 2681 des
223 2647 485 2691 pathetischen
513 2646 640 2689 Stiles,
671 2650 726 2688 21,
756 2649 809 2689 10,
838 2651 873 2687 3;

133 2693 301 2739 haufiger
327 2694 442 2729 durch
475 2696 513 2728 et
538 2693 627 2728 oder
659 2694 769 2737 atque
796 2704 878 2727 ver-

133 2739 292 2776 bunden.
316 2761 355 2766 —
380 2741 580 2785 pervenire,
607 2740 701 2775 ohne
723 2740 876 2784 Angabe

135 2786 199 2821 der
225 2788 364 2823 Person
394 2789 496 2833 (eos).

185 2838 332 2870 11-13,
359 2836 402 2878 si,
428 2838 479 2878 ut,
505 2835 573 2869 wie
601 2838 655 2875 34,
683 2837 721 2876 2,
751 2837 786 2875 7;
815 2833 878 2867 der

136 2879 461 2917 Kondicionalsatz
493 2881 631 2917 wieder
663 2880 877 2926 ausgenom-

949 1905 1034 1929 men
1059 1898 1078 1936 ξ
1100 1898 1154 1929 12.
1183 1915 1226 1919 -
1253 1904 1403 1929 avorum
1429 1894 1617 1935 memoria,
1644 1893 1696 1927 im

949 1941 982 1975 J.
1004 1944 1072 1976 258
1099 1952 1166 1976 vor
1186 1940 1286 1975 Chr.:
1314 1952 1420 1976 wenn
1447 1951 1485 1975 er
1511 1940 1577 1975 das
1602 1939 1695 1974 Con-

950 1988 1065 2032 sulat,
1103 1988 1263 2023 welches
1296 1999 1335 2022 er
1370 1989 1493 2022 zuerst
1530 1991 1599 2022 235
1634 1987 1696 2022 be-

949 2035 1130 2078 kleidete,
1158 2045 1223 2069 suo
1250 2046 1346 2069 anno
1373 2034 1520 2077 erhielt,
1555 2045 1594 2069 so
1620 2045 1697 2069 war

950 2094 989 2117 er
1014 2084 1110 2117 etwa
1137 2085 1206 2117 278
1233 2082 1405 2127 geboren,
1433 2082 1507 2116 und
1534 2081 1636 2116 starb
1657 2080 1696 2115 in

950 2129 1070 2164 einem
1098 2129 1204 2164 Alter
1228 2139 1301 2163 von
1322 2133 1366 2164 76
1384 2128 1534 2171 Jahren,
1560 2132 1616 2171 30,
1638 2132 1695 2171 39,

951 2180 983 2212 6.
1011 2197 1054 2201 —-
1075 2178 1219 2221 priore,
1251 2176 1336 2211 weil
1362 2175 1427 2210 der
1453 2176 1599 2210 Redner
1624 2175 1696 2209 den

950 2223 1090 2258 dritten
1115 2223 1221 2258 nicht
1244 2223 1378 2266 kennt,
1405 2227 1462 2267 21,
1490 2226 1552 2265 50,
1580 2226 1612 2257 9.
1639 2226 1696 2266 23,

951 2275 1006 2312 13,
1033 2275 1072 2313 3;
1108 2271 1278 2316 dagegen
1309 2269 1472 2316 primum
1502 2270 1606 2313 bell,
1639 2280 1696 2304 wo

950 2317 1076 2353 Livius
1102 2318 1261 2362 spricht,
1288 2328 1317 2352 c.
1339 2321 1396 2359 23,
1424 2321 1455 2351 6.
1482 2320 1539 2360 42,
1560 2321 1592 2352 9.
1644 2316 1697 2350 Zu

949 2369 1006 2407 21,
1033 2369 1089 2408 29,
1118 2369 1148 2399 7.
1176 2386 1221 2390 -
1249 2365 1351 2409 Calp.
1378 2364 1568 2406 Flamma,
1605 2364 1698 2397 statt

950 2412 1127 2447 welchem
1167 2412 1263 2446 auch
1301 2411 1441 2446 andern
1476 2411 1541 2445 der
1572 2410 1696 2444 Ruhm

950 2459 1015 2493 der
1058 2458 1288 2493 Heldenthat
1337 2457 1541 2492 zuerkannt
1585 2456 1694 2491 wird:

950 2505 1102 2540 Frontin
1132 2511 1162 2548 1,
1188 2510 1220 2548 5,
1251 2509 1305 2539 15.
1333 2525 1378 2529 —-
1405 2505 1515 2538 hostis
1535 2515 1577 2537 zu
1598 2503 1697 2538 inter

950 2553 1091 2587 medios
1119 2551 1286 2596 geborig‚
1316 2552 1385 2586 wie
1411 2551 1505 2584 auch
1532 2550 1597 2584 der
1623 2550 1696 2584 An-

950 2599 1038 2643 fang
1076 2599 1141 2633 des
1181 2598 1306 2633 Satzes
1346 2598 1460 2632 durch
1506 2597 1696 2632 Inversion

950 2645 1178 2680 verschoben
1198 2646 1257 2679 ist.
1274 2665 1314 2669 —-
1336 2646 1445 2686 viros,
1466 2644 1567 2679 Rom.
1590 2654 1618 2678 c.
1641 2648 1695 2687 14,

954 2697 1007 2727 11.
1036 2713 1078 2717 —
1105 2693 1342 2733 demonstrat,
1374 2695 1435 2734 23,
1469 2695 1530 2734 33,
1558 2694 1598 2733 8,
1633 2702 1695 2735 ge-

950 2739 1179 2774 wohnlicher
1203 2739 1410 2773 monstrare
1440 2738 1526 2780 iter3
1560 2750 1604 2772 zu
1631 2738 1693 2772 de-

950 2786 1122 2820 nuntiare
1149 2796 1178 2820 3.
1206 2790 1263 2828 49,
1290 2790 1321 2820 3.

1005 2837 1163 2867 14—16.
1203 2833 1410 2873 servemini,
1443 2831 1596 2875 medial,
1629 2831 1696 2866 das

953 2881 1110 2914 salutem
1138 2879 1428 2924 entsprechende
1449 2878 1622 2922 Verbum,
1649 2879 1696 2913 (13

1717 410 1737 442 8

1723 942 1765 973 10

1722 1178 1760 1209 11

1725 1474 1765 1504 12

1724 1592 1765 1622 13

1684 1721 1766 1753 ›14
