1882 3163
108 136 137 156 a.
163 127 227 154 chr.
253 135 282 152 n.
308 128 369 153 213.
619 116 766 151 LIBER
790 115 938 150 XXIIII.
977 115 1079 150 CAP.
1107 119 1162 150 45.
1615 113 1669 155 75

229 227 281 268 In
318 241 367 268 ea
412 227 555 268 castra
592 224 749 266 Dasius
787 224 977 265 Altinius
1015 223 1205 278 Arpinus
1249 223 1360 265 clam
1403 225 1530 264 nocte
1575 223 1739 266 cum45

111 286 251 328 tribus
285 286 416 327 servis
448 285 567 326 venit
596 283 865 339 promittens,
898 283 933 324 si
966 283 1046 324 sibi
1079 283 1270 337 praemio
1302 283 1426 335 foret,
1458 296 1501 323 se
1527 281 1667 337 Arpos

111 345 383 400 proditurum
409 358 513 386 esse.
558 358 652 384 eam
678 357 767 383 rem
793 342 845 383 ad
873 342 1098 384 consilium
1125 356 1215 383 cum
1240 342 1478 383 rettulisset
1497 340 1668 396 Fabius,
1696 354 1715 384 2

111 405 208 446 aliis
246 419 324 459 pro
361 402 588 458 transfuga
625 401 914 443 verberandus
960 401 1259 456 necandusque
1297 400 1431 442 videri
1469 401 1668 455 ancipitis

113 464 247 506 animi
274 462 509 505 communis
538 461 689 515 hostis,
721 460 794 515 qui
820 462 918 514 post
945 458 1215 502 Cannensem
1242 459 1418 513 cladem,
1448 462 1670 515 tamquam

112 538 209 565 cum
239 522 413 564 fortuna
438 521 563 563 fidem
590 524 703 562 stare
735 522 967 574 oporteret,
1001 519 1052 560 ad
1078 519 1369 561 Hannibalem
1401 493 1604 561 descisset
1635 523 1673 561 et

109 582 312 624 traxisset
356 581 408 622 ad
451 579 730 621 defectionem
767 580 926 633 Arpos3
969 581 1079 632 tum,
1124 579 1325 633 quoniam
1368 592 1435 619 res
1472 578 1669 620 Romana
1696 591 1716 622 3

110 644 261 683 contra
293 655 412 695 spem
445 642 630 693 votaque
670 638 758 679 eius
797 638 914 679 velut
948 652 1170 693 resurgere
1203 638 1256 679 ab
1290 637 1493 691 stirpibus
1529 638 1668 679 videa-

109 703 199 753 tur,
242 714 399 741 novam
435 698 592 740 referre
636 697 921 752 proditionem
964 697 1144 752 proditis
1186 697 1456 751 polliceatur,
1501 697 1669 739 aliunde

111 762 196 801 stet
229 773 409 813 semper,
449 757 618 799 aliunde
650 757 822 811 sentiat,
862 756 1018 798 infidus
1059 756 1215 811 socius,
1253 771 1389 797 vanus
1421 755 1578 797 hostis:
1617 756 1670 797 ad

109 818 372 860 Faleriorum
401 817 640 871 Pyrrhique
673 816 937 870 proditorem
968 816 1143 857 tertium
1175 814 1410 870 transfugis
1441 815 1513 857 hoc
1544 815 1669 857 docu-

110 880 302 919 mentum
333 878 455 918 esset.
506 879 656 917 contra
687 890 736 916 ea
769 875 955 917 consulis
982 878 1104 930 pater
1129 874 1287 917 Fabius
1320 876 1563 928 temporum
1596 875 1670 916 ob-
1696 887 1717 917 4

108 937 208 979 litos
240 936 435 978 homines
466 935 512 976 in
545 935 684 977 medio
717 935 869 976 ardore
901 935 1014 989 belli,
1049 937 1271 989 tamquam
1303 934 1349 975 in
1380 948 1504 988 pace,
1536 934 1671 975 libera

111 996 160 1037 de
194 1010 360 1050 quoque
394 995 571 1036 arbitria
599 1008 724 1049 agere
757 994 916 1044 aiebat,
948 997 1007 1047 ut,
1039 1008 1134 1036 cum
1160 994 1266 1035 illud
1291 993 1434 1048 potius
1461 993 1670 1048 agendum
1697 1004 1717 1036 5

112 1057 239 1109 atque
272 1054 547 1110 cogitandum
581 1053 648 1107 sit,
681 1053 717 1094 si
743 1068 825 1108 quo
858 1053 985 1095 modo
1017 1054 1110 1095 fieri
1140 1054 1291 1107 possit,
1322 1067 1376 1093 ne
1409 1053 1481 1107 qui
1514 1053 1619 1094 socii
1645 1067 1670 1094 a

111 1114 272 1169 populo
298 1113 494 1155 Romano
527 1113 776 1167 desciscant,
808 1116 882 1154 aut
911 1115 958 1154 ut
989 1113 1090 1155 novi
1122 1113 1413 1166 concilientur,
1446 1111 1670 1153 documen-

108 1178 202 1215 tum
241 1173 371 1214 etiam
410 1173 575 1214 dicatur
616 1172 749 1213 statui
781 1174 995 1226 oportere,
1035 1172 1071 1213 si
1103 1172 1195 1226 quis
1233 1171 1456 1225 resipiscat
1487 1173 1529 1212 et
1561 1172 1669 1213 anti-

110 1247 239 1287 quam
279 1232 527 1274 societatem
566 1231 776 1285 respiciat.
841 1231 953 1286 quod
988 1232 1023 1273 si
1056 1231 1172 1273 abire
1206 1231 1259 1272 ab
1292 1230 1498 1272 Romanis
1534 1230 1670 1281 liceat,
1696 1244 1716 1275 6

156 1385 220 1420 45.
260 1389 290 1419 1.
320 1385 353 1418 si
371 1385 442 1418 sibi
455 1384 620 1428 praemio
639 1383 745 1429 foret]
770 1383 852 1427 ‘es'‚
973 1384 1106 1429 vanus]
1152 1383 1222 1428 eig.
1270 1383 1452 1428 ‘nichtig,
1489 1382 1670 1417 unschad-

109 1432 272 1468 namlich
292 1432 446 1475 prodere
475 1432 603 1475 Arpos.
926 1431 1028 1473 lich’,
1055 1431 1136 1465 hier
1160 1431 1229 1465 wie
1255 1434 1311 1474 32,
1340 1435 1370 1464 1.

158 1484 188 1514 2.
228 1479 425 1514 communis
449 1479 574 1524 hostis]
608 1479 658 1513 ist
682 1478 761 1513 eine
788 1478 851 1513 be·
973 1479 1036 1524 ad]
1079 1478 1140 1513 ‘zu
1172 1479 1297 1513 diesen
1331 1478 1426 1513 noch
1463 1478 1587 1512 hinzu'
1624 1495 1667 1507 =

111 1526 324 1573 grundende
351 1526 487 1571 Appos.
516 1538 597 1560 zum
625 1525 786 1571 Subject.
921 1530 1077 1571 praeter.

157 1579 188 1609 3.
231 1585 414 1618 resuryere
446 1574 490 1608 ab
527 1573 719 1619 stirpibus]
759 1573 851 1607 ahu-

107 1621 205 1656 liche
225 1621 444 1666 Metaphern
475 1621 604 1664 (daher
628 1621 734 1663 velut,
759 1633 785 1656 s.
807 1632 852 1654 zu

110 1673 142 1709 1,
161 1671 194 1713 7)
220 1668 302 1703 sind
326 1668 432 1703 nicht
458 1668 577 1702 selten
602 1667 663 1702 bei
688 1667 740 1711 L„
767 1680 795 1702 z.
810 1668 851 1703 B.

107 1715 175 1759 26,
201 1720 258 1759 32,
283 1720 305 1750 4
335 1717 368 1750 si
396 1716 441 1750 ab
470 1716 601 1758 inferis
632 1716 765 1750 existat
788 1726 852 1750 rex

108 1764 234 1798 Hiero.
268 1763 328 1806 26,
343 1766 400 1806 41,
415 1767 457 1797 22
482 1763 596 1805 favete
614 1763 756 1797 nomini
775 1762 851 1797 Sci·
869 1795 873 1799 .

102 1812 270 1856 pianum,
295 1810 413 1844 suboli
438 1811 697 1854 imperatorum
721 1813 852 1844 vestro—

107 1870 190 1893 rum
200 1858 296 1892 velut
307 1858 434 1891 accisis
444 1858 652 1891 recrescenti
664 1857 851 1901 stirpibus.

156 1905 288 1948 referre
308 1905 568 1949 proditionem]
595 1904 644 1939 ist
670 1904 853 1939 ironische

108 1952 373 1996 Nachbildung
404 1962 477 1986 von
513 1952 672 1996 qratiam
703 1951 852 1993 referre:

112 2000 236 2035 ‘einen
264 1999 423 2033 Verrath
454 2010 516 2033 zur
548 1998 853 2043 Entschadigung

108 2046 294 2091 bringen'.

156 2094 288 2136 referre
315 2093 547 2139 polliceatur]
587 2093 636 2128 ist
669 2093 749 2128 eine
783 2093 852 2128 sel-

109 2142 194 2176 tene
235 2140 392 2183 Constr.;
436 2141 510 2186 vgl.
549 2139 610 2185 44,
650 2145 681 2183 7,
715 2144 734 2175 5
776 2141 854 2175 sine

106 2189 290 2233 praesidio
334 2189 533 2232 relinquere
569 2199 604 2223 se
641 2189 689 2223 iis
731 2188 853 2222 urbem

108 2237 342 2280 inmunesque
378 2237 536 2270 victuros
574 2239 623 2270 est
653 2236 850 2280 pollicitus,

157 2284 306 2318 aliunde
345 2283 492 2328 sentiat]
535 2283 584 2317 ist
622 2282 680 2317 ein
719 2282 850 2317 auffal-

110 2330 237 2365 lender
255 2330 461 2373 Ausdruck,
487 2330 645 2365 welcher
668 2330 752 2365 dem
772 2341 852 2365 vor-

108 2376 369 2422 hergehenden
407 2378 555 2411 aliunde
585 2381 657 2411 stat
694 2377 851 2422 nachge-

109 2425 229 2459 bildet
265 2424 328 2466 ist,
371 2423 451 2458 hier
485 2424 573 2459 aber
607 2424 656 2459 ist
693 2425 852 2469 aliunde,

110 2471 215 2506 nicht
245 2471 336 2506 alibi
373 2472 522 2516 gesagt‚
560 2471 644 2505 weil
680 2475 776 2506 stare
807 2472 851 2506 ab

110 2520 232 2563 aliquo
265 2518 323 2553 die
362 2518 538 2553 stehende
571 2518 767 2563 Wendung
801 2519 853 2553 im

111 2566 216 2601 class.
252 2565 384 2600 Latein
423 2566 487 2607 ist3
527 2565 600 2610 vgl.
636 2565 703 2607 21,
740 2570 798 2609 10,
832 2570 851 2600 9

110 2617 253 2648 eventus
292 2614 383 2656 belli,
422 2613 518 2647 unde
549 2614 607 2646 ius
640 2613 778 2654 stabat,
822 2614 854 2647 ei

109 2661 300 2695 victoriam
336 2661 443 2695 dedit.
506 2659 572 2701 25,
607 2663 667 2703 15,
702 2664 742 2693 13
781 2660 853 2702 fido

111 2709 245 2750 animo,
270 2708 365 2742 unde
387 2708 589 2752 pugnabat,
614 2710 775 2741 stantem.
812 2707 851 2741 L.

111 2755 269 2790 braucht
299 2756 400 2789 sonet
434 2755 528 2789 noch
566 2757 662 2788 stare
701 2765 780 2788 cum
812 2755 852 2798 (s.

113 2805 131 2843 g
159 2804 194 2846 2)
225 2802 299 2836 1111(1
329 2813 397 2846 pro
432 2803 572 2846 aliquo,
609 2802 738 2835 sentire
775 2812 855 2835 cum

59 2875 63 2879 ‹
112 2850 254 2893 aliqum·
287 2861 312 2883 S.
342 2849 375 2893 1,
403 2853 459 2891 52,
485 2854 506 2883 4
537 2852 633 2884 stare
659 2859 701 2883 ac
726 2850 856 2883 sentire

113 2907 191 2931 cum
216 2907 304 2941 φερε.

972 1573 1234 1618 documentum]
1252 1573 1310 1608 ein
1327 1573 1572 1608 ‘warnendes'
1590 1573 1669 1608 Bei-

925 1620 1028 1666 spiel,
1044 1634 1071 1656 s.
1087 1633 1130 1655 zu
1146 1625 1249 1663 8,20;
1269 1620 1435 1665 haufiger
1449 1622 1533 1665 sagt
1547 1620 1587 1655 L.
1601 1621 1672 1656 mit

924 1669 1035 1703 Dativ
1062 1668 1126 1703 des
1147 1668 1317 1703 Zweckes
1346 1669 1554 1703 documento
1580 1679 1670 1711 esse,-

926 1716 1021 1750 auch
1047 1718 1150 1750 sonst
1174 1716 1294 1759 gehen
1320 1715 1428 1750 beide
1454 1716 1668 1751 Ausdri'icke

925 1763 1042 1798 neben
1064 1762 1238 1798 einander
1255 1763 1332 1804 her,
1351 1763 1421 1797 wie
1441 1764 1668 1807 impedimen-

926 1814 1000 1844 tum
1026 1821 1096 1845 esse
1116 1812 1186 1854 (46,
1208 1812 1242 1854 4)
1263 1822 1296 1845 u.
1325 1811 1573 1854 impedimento
1599 1821 1670 1846 esse

926 1857 976 1901 (S,
1004 1862 1061 1901 32,
1088 1860 1122 1901 5)
1149 1869 1183 1891 u.
1210 1869 1239 1892 a.
1265 1869 1313 1891 m.

974 1909 1006 1940 4.
1043 1905 1216 1949 homines]
1243 1904 1326 1938 wir:
1356 1904 1485 1948 ‘man',
1512 1905 1581 1950 eig.
1609 1905 1668 1939 die

925 1951 1058 1996 Lente,
1085 1952 1143 1986 die
1170 1951 1469 1997 augenblicklich
1496 1953 1561 1987 das
1588 1963 1668 1987 con—

924 2000 1046 2033 silium
1078 1999 1221 2040 hildem
1260 2011 1299 2034 so
1328 1998 1395 2043 26,
1422 2003 1460 2042 2,
1489 2004 1507 2033 1
1541 2000 1669 2035 titulus

923 2047 1071 2081 honoris
1107 2058 1276 2091 maynam
1308 2050 1451 2090 partem
1485 2048 1669 2082 hominum

925 2095 1124 2137 offendebat
1150 2094 1228 2138 (der
1256 2094 1486 2137 Senatoren).

973 2146 1004 2176 5.
1041 2142 1099 2187 ut]
1134 2141 1237 2176 fiihrt
1268 2141 1334 2176 das
1367 2141 1668 2187 vorhergehende

925 2192 1122 2233 temporum
1159 2189 1286 2224 oblitos
1323 2188 1451 2223 weiter
1487 2200 1569 2232 aus,
1614 2189 1668 2224 als

925 2247 1031 2271 wenn
1076 2237 1163 2271 adeo
1207 2237 1334 2271 oblitos
1378 2238 1511 2281 gesagt
1554 2240 1668 2271 ware:

925 2285 1017 2318 statt
1047 2283 1132 2323 frei,
1171 2284 1287 2318 durch
1318 2283 1515 2328 politische
1547 2283 1668 2319 Rfick-

925 2330 1067 2366 sichten
1100 2331 1203 2365 nicht
1235 2331 1521 2375 eingeschrankt
1540 2343 1573 2367 u.
1601 2343 1669 2365 nur

924 2379 1020 2413 nach
1046 2378 1129 2413 dem
1151 2377 1286 2413 Geffihl
1306 2378 1370 2412 des
1391 2378 1555 2412 Rechten
1579 2379 1670 2413 tiber

921 2425 1026 2470 Jedes
1054 2425 1217 2460 einzelne
1244 2437 1287 2459 zu
1313 2425 1567 2468 entmheiden,
1599 2425 1668 2459 wie

924 2473 962 2506 in
989 2472 1299 2514 Friedenszeiten,
1329 2472 1399 2506 soll
1425 2472 1495 2506 den
1522 2472 1667 2517 Kriegs-

925 2519 1196 2554 verhaltnissen
1241 2519 1444 2564 Rechnung
1491 2521 1668 2564 getragen

926 2566 1082 2601 werden.

972 2613 1156 2657 respiciat]
1196 2624 1285 2657 resp.
1318 2614 1412 2657 alqd.
1453 2613 1522 2658 eig.
1559 2614 1668 2648 ‘nach

926 2663 1039 2695 etwas
1082 2660 1406 2702 zuriickschauen’,
1455 2660 1538 2695 dem
1583 2672 1668 2695 man

929 2707 999 2741 den
1026 2708 1177 2742 Riicken
1203 2707 1362 2752 gekehrt
1386 2707 1462 2750 hat,
1490 2708 1563 2742 und
1590 2708 1668 2743 sich

928 2755 1140 2789 demselben
1177 2755 1314 2789 wieder
1345 2755 1560 2799 zuwenden,
1599 2755 1668 2790 wie

927 2813 1013 2835 man
1049 2802 1127 2836 sich
1163 2802 1296 2836 vorher
1332 2813 1403 2836 von
1443 2801 1520 2836 ihm
1557 2803 1669 2847 abge-

928 2849 1073 2884 wendet
1112 2850 1193 2891 hat3
1232 2860 1271 2884 so
1310 2849 1405 2883 auch
1443 2849 1508 2884 das
1547 2849 1666 2885 Subst.

929 2909 957 2930 z.
984 2896 1023 2932 B.
1051 2896 1116 2941 26,
1146 2901 1175 2942 1,
1203 2901 1223 2930 4
1254 2900 1394 2941 recepta
1423 2896 1580 2941 (Capua)
1614 2899 1668 2932 in·
