1882 3163
179 112 235 153 74
678 113 823 147 LIBER
847 113 996 148 XXIIII.
1032 112 1131 149 CAP.
1158 117 1216 149 44.
1523 131 1548 149 a.
1574 131 1601 149 u.
1621 131 1645 150 c.
1672 125 1734 150 541.

177 221 373 275 haberet3
413 221 460 270 Q.
492 221 635 262 Mucio
668 236 763 262 cum
803 224 944 264 vetere
984 223 1168 264 exercitu
1204 246 1251 252 —
1289 221 1394 263 duae
1426 224 1569 264 autem
1600 223 1732 278 legio-

179 295 256 322 nes
289 283 411 321 erant
442 305 497 309 -—
531 279 747 334 Sardinia,
784 280 829 324 C.
861 281 1060 324 Terentio
1092 296 1183 323 cum
1215 282 1382 337 legione
1413 296 1511 335 una,
1549 282 1615 323 cui
1645 282 1733 323 iam

129 351 151 382 6
178 342 386 393 praeerat,
419 339 636 381 Picenum.
681 340 810 382 scribi
835 344 1056 395 praeterea
1081 341 1188 382 duae
1216 341 1405 382 urbanae
1431 340 1622 395 legiones
1648 340 1732 383 ius-

179 413 250 440 sae
283 402 325 439 et
352 399 506 453 viginti
532 399 651 440 milia
683 399 907 442 sociorum.
956 400 1023 441 his
1055 400 1244 454 ducibus,
1275 400 1342 441 his
1369 400 1501 454 copiis
1529 399 1731 442 adversus

178 458 314 499 multa
353 458 479 499 simul
517 460 591 499 aut
622 460 740 500 mota
778 461 851 499 aut
891 462 1087 513 suspecta
1124 459 1237 500 bella
1274 460 1547 500 muniverunt
1578 458 1731 500 Roma·

131 530 150 560 7

129 648 150 679 8
177 635 374 690 prodigia
406 639 704 690 procurarunt,
743 651 851 690 quae
889 637 1089 678 nuntiata
1127 640 1258 678 erant.

129 1003 150 1034 9

177 532 278 558 num
316 517 554 571 imperium.

623 518 818 559 consules
857 518 1020 560 duabus
1062 518 1237 560 urbanis
1283 518 1522 573 legionibus
1564 519 1733 572 scriptis

179 576 560 631 supplementoque
592 577 637 617 in
669 577 774 618 alias
812 577 941 631 lecto,
979 578 1228 632 priusquam
1268 577 1321 619 ab
1360 578 1463 619 urbe
1502 580 1734 632 moverent,

1320 651 1466 678 murus
1499 651 1546 678 ac
1584 639 1733 690 portae

177 694 403 750 Anagniae
437 698 478 736 et
509 695 677 736 Ariciae
711 695 839 736 etiam
870 695 982 737 Iovis
1020 696 1134 737 aedis
1168 696 1216 737 de
1249 696 1365 737 caelo
1405 698 1521 737 tacta
1553 695 1734 738 fuerant.

178 756 221 794 et
252 754 338 795 alia
370 754 556 795 ludibria
582 754 800 795 oculorum
830 755 1080 809 auriumque
1107 755 1270 796 credita
1293 770 1370 809 pro
1397 754 1525 796 veris:
1558 755 1735 796 navium

177 813 403 868 longarum
437 813 600 867 species
631 814 676 854 in
704 813 877 854 flumine
903 813 1172 867 Tarracinae,
1205 829 1312 869 quae
1338 814 1480 855 nullae
1510 817 1643 865 erant,
1675 814 1734 855 vi-

179 887 261 926 sas,
292 874 335 913 et
364 872 411 913 in
441 871 556 914 Iovis
589 871 767 913 Vicilini
798 873 979 926 templo,
1017 873 1130 926 quod
1160 873 1205 913 in
1238 872 1481 927 Compsano
1516 887 1619 928 agro
1656 876 1734 928 est,

179 946 300 972 arma
332 931 651 985 concrepuisse,
684 934 726 972 et
756 931 913 972 fiumen
944 931 1156 972 Amiterni
1188 935 1410 973 cruentum
1442 932 1624 973 fluxisse.

295 990 375 1032 His
420 990 659 1044 procuratis
701 1005 750 1032 ex
795 991 962 1032 decreto
1008 991 1259 1045 pontificum
1302 990 1482 1045 profecti
1526 992 1733 1045 consules,

178 1048 453 1104 Sempronius
486 1050 532 1090 in
564 1049 777 1102 Lucanos,
808 1050 854 1090 in
885 1050 1088 1104 Apuliam
1120 1049 1291 1091 Fabius.

108 1121 151 1153 10
177 1111 247 1150 tus
281 1109 334 1150 ad
367 1108 613 1150 Suessulam
645 1109 692 1149 in
724 1112 864 1150 castra
896 1109 1024 1150 venit.

1349 1052 1470 1103 pater
1501 1050 1588 1092 filio
1619 1051 1733 1105 lega-

1087 1123 1183 1150 cum
1215 1109 1385 1151 obviam
1418 1109 1526 1150 filius
1559 1123 1734 1164 progre-

178 1167 359 1222 deretur,
391 1168 646 1222 lictoresque
679 1168 932 1209 verecundia
965 1168 1199 1209 maiestatis
1233 1168 1322 1209 eius
1355 1168 1477 1209 taciti
1510 1169 1733 1223 anteirent,

175 1230 344 1281 praeter
365 1227 562 1268 undecim
582 1227 718 1268 fasces
740 1242 846 1282 equo
868 1230 1118 1281 praevectus
1140 1242 1279 1282 senex,
1304 1229 1352 1268 ut
1372 1228 1520 1269 consul
1546 1227 1734 1269 animad-

177 1289 340 1327 vertere
367 1287 607 1341 proximum
634 1287 828 1328 lictorem
853 1286 989 1341 iussit,
1022 1288 1064 1327 et
1089 1287 1138 1340 is,
1163 1289 1210 1328 ut
1235 1287 1509 1328 descenderet
1534 1301 1584 1327 ex
1613 1301 1734 1342 equo,

176 1345 446 1399 inclamavit,
484 1348 575 1386 tum
615 1345 784 1386 demum
822 1346 1020 1388 desiliens
1061 1345 1271 1400 ‘experiri'
1308 1346 1445 1400 inquit
1477 1345 1625 1400 ‘volui,
1662 1346 1733 1400 fili,

177 1405 293 1446 satin
325 1405 452 1446 scires
486 1405 704 1446 consulem
736 1408 777 1446 te
811 1404 932 1446 esse’.

224 1525 255 1555 6.
293 1521 472 1566 suspecta]
506 1521 596 1556 fiber
627 1521 697 1555 den
725 1521 917 1559 Ausdruck

174 1581 209 1603 u.
244 1568 303 1602 die
331 1568 447 1603 Sache
474 1580 501 1603 s.
528 1581 571 1602 zu
597 1572 652 1612 40,
680 1573 710 1602 1.

225 1621 256 1651 7.
293 1616 485 1661 moverent]
517 1627 604 1650 mov.
639 1616 738 1650 steht
769 1616 825 1651 oft
854 1617 916 1651 ab·

176 1663 275 1698 solut
289 1680 331 1691 =
345 1674 381 1697 se
401 1673 554 1703 movere‚·
579 1663 812 1707 gewohnlich
832 1674 918 1698 vom

174 1710 378 1745 Feldherrn
403 1713 545 1755 gesagt,
572 1711 637 1745 der
663 1710 762 1745 seine
790 1711 916 1745 Solda-

174 1759 238 1792 ten
251 1757 290 1791 in
301 1758 513 1803 Bewegung
525 1759 617 1792 setzt
630 1759 766 1802 (castra
779 1770 823 1792 m.
839 1758 916 1792 auf-

173 1805 334 1839 brechen
360 1805 506 1848 lassen),
532 1805 709 1839 zuweilen
734 1806 827 1840 auch
848 1816 921 1840 von

174 1852 247 1886 den
279 1852 472 1895 Soldaten,
510 1852 579 1886 wie
612 1853 678 1895 10,
711 1858 750 1896 4,
783 1857 802 1887 9
841 1864 921 1887 eum

174 1910 249 1934 non
285 1900 430 1934 iniussu
463 1911 598 1934 movere
635 1900 825 1941 auderent,
862 1911 918 1935 wo

175 1947 254 1981 sich
276 1947 484 1991 gleichfalls
498 1948 604 1991 siyna
621 1950 804 1991 erg'anzen
816 1947 918 1982 lasst.

224 2009 255 2040 8.
284 2010 315 2040 et
336 2007 413 2040 alia
438 2006 615 2051 ludibria]
636 2006 711 2040 und
733 2006 917 2040 ‘anderer-

175 2053 277 2088 seits'
301 2053 574 2098 Tauschungen
596 2070 638 2082 =
663 2057 694 2087 et
713 2054 800 2096 alia,
827 2064 918 2097 quae

176 2101 340 2134 ludibria
366 2104 481 2143 erant,
512 2100 581 2134 wie
607 2100 668 2142 22,
697 2104 750 2143 16,
778 2105 797 2134 6
825 2101 918 2135 zudi-

176 2148 296 2181 brium
326 2148 511 2181 oculorum
541 2148 655 2191 specie
685 2148 843 2181 terribile
872 2149 920 2182 ad

175 2195 433 2237 frustrandum
458 2196 588 2228 hostem
614 2198 837 2228 commentus.

223 2254 369 2299 speeies]
409 2253 483 2297 vgl.
510 2252 576 2295 26,
605 2257 659 2295 19,
691 2256 713 2286 4
746 2253 919 2296 pleraque

176 2302 277 2344 apud
313 2301 580 2334 multitudinem
614 2311 681 2344 per
719 2303 918 2334 nocturnas

175 2349 254 2384 visa
282 2348 422 2391 species.

227 2395 469 2440 Tarracinae]
509 2395 611 2428 Tarr.
650 2394 744 2438 liegt
781 2393 819 2427 in
855 2394 918 2428 der

176 2441 283 2476 Nahe
320 2442 384 2477 des
421 2444 642 2485 Amasenus,
686 2441 918 2475 Amiternum

177 2500 237 2523 am
263 2490 432 2524 Aternus.

222 2537 363 2582 nullae]
391 2548 416 2571 S.
444 2549 486 2570 zu
513 2540 568 2579 36,
594 2539 627 2571 8.

223 2594 295 2640 44,
328 2599 347 2629 9
362 2616 402 2619 —
416 2595 479 2631 47.
542 2595 791 2629 Einnahme
834 2605 918 2628 von

176 2642 288 2686 Arpi
331 2643 418 2676 und
468 2642 636 2677 andere
679 2642 915 2686 Kriegser-

177 2689 376 2733 cignisse
401 2690 444 2724 in
470 2689 648 2724 Italien.

224 2752 257 2783 9.
295 2759 338 2782 ex
363 2749 499 2783 decreto
521 2748 639 2793 pont]
666 2747 814 2782 bezieht
839 2747 917 2782 sich

178 2795 244 2847 auf
262 2794 328 2829 das
348 2795 648 2839 vorhergehcnde
671 2796 727 2829 his
740 2805 917 2839 procura-

178 2844 315 2932 ηιςῐῗιῑῗὸ]
328 2846 569 2923 ΙΕὲεέῑῗίῑρῂρῑ
594 2892 691 2923 ware
716 2889 804 2932 tilii,
831 2888 918 2923 aber

993 1522 1127 1566 gerade
1153 1521 1191 1556 in
1217 1521 1461 1565 Verbindung
1486 1521 1555 1556 mit
1579 1522 1633 1556 ire
1657 1521 1733 1556 und

990 1570 1111 1603 venire
1146 1569 1195 1603 ist
1233 1569 1298 1603 der
1340 1568 1423 1603 Dat.
1461 1569 1565 1603 nicht
1603 1569 1730 1612 selten,

990 1629 1019 1650 z.
1045 1616 1086 1650 B.
1113 1616 1179 1658 38,
1205 1620 1266 1659 58,
1294 1618 1314 1650 8
1340 1627 1430 1659 quae
1455 1616 1619 1660 (Scipio),
1651 1627 1731 1650 eum

990 1664 1127 1705 leyatus
1163 1664 1293 1706 fratris
1326 1666 1423 1705 esset,
1465 1664 1626 1707 yessisset
1657 1663 1732 1697 und

990 1710 1113 1754 gleich
1146 1710 1310 1745 darnach
1341 1711 1491 1754 dignum
1518 1711 1732 1753 (iudicatum

990 1770 1013 1792 a
1043 1759 1185 1802 fratre),
1217 1758 1277 1792 eui
1297 1761 1380 1801 post
1408 1758 1498 1792 duos
1524 1758 1732 1792 consulatus

993 1815 1248 1849 censuramque
1279 1808 1310 1839 et
1341 1805 1562 1849 triumphum
1594 1805 1732 1850 leyatus

993 1853 1033 1886 in
1058 1853 1187 1888 Asiam
1211 1853 1289 1887 iret.

1042 1903 1094 1934 10.
1134 1900 1223 1944 eius]
1248 1899 1377 1943 patris.

1033 1947 1259 1992 praevectus]
1280 1946 1347 1981 wie
1368 1947 1407 1980 L.
1431 1945 1644 1990 Composita
1662 1946 1731 1981 mit

984 2005 1078 2038 prae
1103 1996 1211 2037 (statt
1229 1995 1388 2038 praeter)
1408 1993 1468 2028 bei
1488 1993 1648 2028 Weitem
1668 1993 1731 2028 be-

990 2043 1156 2086 vorzugt,
1181 2052 1218 2076 so
1240 2042 1306 2076 hat
1326 2052 1365 2075 er
1384 2052 1469 2075 vom
1489 2040 1621 2075 Reiten
1641 2041 1732 2075 stets

992 2100 1078 2132 equo
1092 2089 1265 2132 praevehi
1280 2090 1412 2132 gesagt
1425 2088 1556 2131 (neben
1570 2091 1729 2132 praeter-

991 2137 1150 2179 equitare
1175 2131 1240 2169 ἅπ.
1267 2134 1333 2179 elo.
1360 2134 1395 2179 3,
1422 2139 1477 2178 61,
1504 2136 1550 2179 9).

1038 2182 1333 2227 animadvertere]
1362 2181 1633 2225 ‘aufzupassen'
1655 2180 1730 2215 und

991 2242 1036 2263 zu
1062 2230 1164 2272 thun,
1191 2240 1265 2263 was
1293 2228 1411 2263 seines
1430 2229 1557 2262 Amtes
1576 2227 1642 2269 ist;
1668 2228 1729 2263 da—

990 2276 1051 2310 bei
1075 2276 1125 2310 ist
1150 2288 1193 2309 zu
1219 2275 1417 2318 beachten,
1450 2275 1533 2309 dass
1565 2276 1729 2310 animad-

989 2325 1133 2357 vertite!
1177 2323 1241 2357 der
1281 2322 1420 2356 Ausruf
1459 2323 1523 2356 der
1560 2322 1730 2357 Lictoren

989 2382 1083 2415 war,
1104 2370 1173 2404 mit
1191 2370 1369 2404 welchem
1390 2369 1440 2404 sie
1461 2369 1526 2404 das
1543 2369 1641 2404 Volk
1667 2369 1733 2403 auf
1784 2382 1789 2387 ·

991 2417 1090 2451 seine
1116 2417 1298 2452 Pflichten
1328 2428 1447 2462 gegen
1473 2416 1608 2451 Consul
1642 2416 1731 2451 oder

989 2464 1120 2499 Prator
1145 2464 1393 2499 aufmerksam
1417 2464 1604 2507 machten3
1630 2463 1729 2498 diese

990 2512 1194 2546 bestanden
1224 2511 1276 2546 im
1307 2522 1394 2555 equo
1428 2511 1581 2552 desilire,
1618 2513 1730 2554 eaput

991 2560 1182 2603 adaperire
1206 2559 1281 2593 und
1306 2559 1431 2593 semita
1458 2558 1585 2592 cedere.

1033 2606 1241 2651 proaeimus]
1280 2605 1443 2640 namlich
1473 2604 1613 2639 consuli
1621 2632 1628 2647 ,
1665 2604 1730 2639 der

990 2653 1100 2688 letzte
1125 2653 1163 2687 in
1189 2654 1253 2687 der
1278 2653 1404 2687 Reihe.

1036 2701 1241 2735 descendere
1261 2711 1303 2734 eoe
1322 2699 1426 2744 equo]
1447 2698 1621 2733 stehende
1641 2698 1728 2733 For-

989 2748 1062 2782 mel
1088 2747 1157 2781 mit
1181 2758 1233 2781 ecc.

1036 2795 1150 2840 satin]
1178 2811 1221 2822 =
1249 2794 1403 2835 satisne;
1440 2792 1639 2827 vereinzelt
1668 2791 1728 2827 bei

990 2842 1029 2876 L.
1052 2841 1145 2876 auch
1170 2841 1277 2875 viden
1302 2853 1335 2874 u.
1363 2840 1427 2875 ain
1450 2839 1508 2873 fiir
1532 2840 1673 2874 videsne
1692 2851 1726 2873 u.

991 2889 1102 2931 aisne,
1122 2888 1278 2923 Formen
1292 2888 1356 2922 der
1369 2886 1727 2931 Umgangssprache.
