1882 3163
215 105 272 147 50
744 104 887 139 LIBER
912 103 1023 138 XXV.
1064 103 1164 141 CAP.
1192 109 1248 140 23.
1564 122 1590 141 a.
1611 124 1640 141 u.
1663 123 1688 142 c.
1709 117 1769 142 542.

169 213 191 244 8
217 217 306 244 rem
338 201 542 243 creditam
575 215 662 242 non
696 215 798 255 esse,
828 201 968 242 necati
1001 215 1146 243 omnes
1179 216 1275 243 cum
1301 202 1490 244 cruciatu
1523 205 1632 244 sunt.
1684 203 1768 245 alia

170 391 189 422 9

149 569 191 599 10

148 746 189 776 11

149 865 191 895 12

150 1102 191 1133 13

149 1220 192 1251 14

217 261 394 304 subinde
422 274 531 315 spes,
557 263 786 315 postquam
810 260 915 302 haec
940 275 1053 302 vana
1072 263 1278 315 evaserat,
1304 261 1479 315 excepit.
1529 261 1768 316 Damippus

217 320 389 375 quidam
432 318 812 373 Lacedaemonius,
856 319 1012 361 missus
1057 320 1110 362 ab
1158 318 1380 374 Syracusis
1425 320 1478 361 ad
1520 319 1769 375 Philippum

217 393 382 435 regem,
423 381 571 433 captus
611 378 664 419 ab
703 378 907 420 Romanis
945 379 1125 421 navibus
1159 382 1261 420 erat.
1321 379 1447 420 huius
1485 379 1631 434 utique
1662 380 1772 421 redi-

216 438 358 480 mendi
391 440 433 479 et
456 437 676 492 Epicydae
703 452 802 479 cura
829 440 920 480 erat
953 439 1118 493 ingens,
1149 452 1226 480 nec
1253 438 1402 479 abnuit
1427 437 1652 480 Marcellus
1684 439 1771 480 iam

215 500 309 539 tum
345 496 615 550 Aetolorum,
657 497 809 551 quibus
852 497 961 539 socii*
993 497 1318 539 Lacedaemonii
1360 500 1498 552 erant,
1539 497 1770 539 amicitiam

218 556 532 598 adfectantibus
569 555 789 598 Romanis.
857 557 909 598 ad
947 556 1217 611 conloquium
1261 556 1310 597 de
1348 556 1640 610 redemptione
1681 557 1770 598 eius

217 616 361 657 missis
406 614 568 657 medius
613 616 796 657 maxime
837 618 963 670 atque
1008 616 1201 670 utrisque
1250 618 1516 670 opportunus
1560 616 1676 657 locus
1718 615 1771 656 ad

216 677 389 730 portum
427 674 698 730 Trogilorum
734 677 909 729 propter
945 675 1114 729 turrim,
1153 689 1279 729 quam
1311 677 1474 716 *vocant
1504 673 1772 730 Galeagram,

218 737 284 776 est
315 734 441 776 visus.
491 748 572 788 quo
606 748 701 775 cum
734 734 903 788 saepius
937 736 1238 787 commearent,
1270 748 1378 775 unus
1411 748 1462 775 ex
1487 733 1694 776 Romanis
1720 748 1771 775 ex

217 793 457 848 propinquo
484 807 652 833 murum
678 793 984 847 contemplans,
1008 793 1272 834 numerando
1299 793 1462 846 lapides
1489 792 1772 834 aestimando-

219 867 299 907 que
331 852 422 907 ipse
455 866 617 906 secum,
655 851 755 906 quid
787 851 831 892 in
868 851 1010 892 fronte
1048 854 1246 905 paterent
1284 851 1460 907 singuli,
1504 852 1772 893 altitudinem

217 911 347 966 muri,
385 913 589 966 quantum
621 910 813 965 proxime
845 911 1088 952 coniectura
1124 913 1309 964 poterat,
1350 925 1596 965 permensus
1635 911 1772 952 humi-

217 971 450 1025 lioremque
477 970 696 1024 aliquanto
722 970 906 1023 pristina
926 969 1128 1024 opinione
1155 983 1232 1010 sua
1252 972 1293 1010 et
1319 972 1554 1011 ceterorum
1581 970 1772 1011 omnium

218 1033 336 1072 ratus
369 1043 461 1070 esse
493 1031 535 1070 et
566 1029 632 1069 vel
665 1028 949 1070 mediocribus
977 1029 1103 1071 scalis
1131 1028 1425 1082 superabilem,
1452 1028 1504 1069 ad
1524 1028 1772 1070 Marcellum

217 1104 308 1130 rem
340 1088 484 1130 defert.
545 1087 659 1129 haud
692 1087 931 1141 spernenda
962 1088 1064 1129 visa.
1127 1087 1199 1129 sed
1231 1102 1326 1129 cum
1359 1087 1468 1128 adiri
1500 1087 1637 1142 locus,
1674 1087 1774 1142 quia

219 1149 272 1190 ob
304 1147 345 1189 id
378 1147 518 1202 ipsum
549 1146 755 1188 intentius
788 1147 1116 1198 custodiebatur,
1148 1161 1237 1188 non
1267 1149 1425 1201 posset,
1457 1147 1622 1188 occasio
1649 1160 1774 1201 quae-

217 1208 409 1261 rebatur3
443 1221 569 1261 quam
602 1206 758 1248 obtulit
789 1206 1016 1262 transfuga
1046 1206 1249 1247 nuntians
1283 1206 1393 1247 diem
1424 1206 1584 1247 festum
1609 1204 1774 1246 Dianae

217 1281 293 1321 per
323 1265 510 1307 triduum
542 1265 624 1321 agi,
657 1267 699 1306 et
731 1266 829 1320 quia
862 1265 947 1306 alia
977 1265 1021 1306 in
1054 1265 1276 1307 obsidione
1303 1264 1454 1319 desint,
1485 1264 1584 1306 vino
1610 1264 1775 1319 largius

221 1326 368 1380 epulas
401 1325 605 1367 celebrari
637 1326 678 1366 et
705 1324 757 1366 ab
778 1324 969 1379 Epicyde
996 1325 1194 1379 praebito
1220 1324 1441 1365 universae
1466 1323 1608 1378 plebei
1634 1326 1676 1365 et
1700 1337 1775 1378 per

219 1453 319 1489 beim
328 1452 620 1497 karthagischen
628 1452 746 1487 Heere
758 1451 820 1496 ist)
835 1452 962 1497 Haupt

1036 1452 1284 1495 ausdrfickem
1305 1451 1379 1496 vgl.
1390 1450 1455 1495 24,
1470 1455 1502 1493 4,
1517 1456 1536 1486 9
1551 1451 1774 1496 deponendo-

221 1501 286 1535 der
316 1499 525 1545 punischen
562 1499 686 1534 Partei
718 1499 757 1533 in
790 1499 961 1544 Syrakus,

1034 1511 1100 1545 quc
1124 1500 1271 1535 tutelam
1289 1500 1377 1544 ipse,
1402 1510 1492 1544 quae
1511 1509 1591 1534 cum
1603 1499 1775 1543 pluribus

220 1547 362 1583 welche
395 1547 455 1582 die
480 1546 609 1581 Macht
639 1547 677 1581 in
702 1547 859 1581 Handen
883 1547 961 1582 hat.

269 1599 299 1630 8.
321 1594 472 1640 excepit]
495 1594 645 1628 absolut
659 1611 703 1623 =
720 1594 861 1629 ‘stellte
883 1594 962 1629 sich

220 1642 260 1676 in
274 1642 339 1676 der
346 1641 461 1686 Folge
474 1641 544 1685 ein,
556 1641 674 1686 folgte
684 1641 961 1685 unmittelbar'3

223 1690 325 1724 sonst
351 1688 588 1734 gewohnlich
612 1688 681 1723 mit
708 1688 801 1733 Obj.,
831 1689 900 1723 wie
927 1690 962 1732 5,

221 1741 284 1780 42,
311 1741 331 1772 6
362 1747 436 1771 nom
461 1737 551 1771 diem
579 1738 715 1781 excepit
746 1736 872 1770 ‘nahm
899 1736 963 1770 ihn

223 1783 289 1819 auf
310 1801 354 1813 =
382 1783 500 1828 folgte
526 1783 593 1817 auf
614 1783 707 1818 ihn'.

270 1832 321 1866 ab
360 1830 538 1866 Romanis
572 1831 740 1876 navibus]
774 1830 859 1865 weil
898 1830 962 1864 das

222 1889 347 1923 capere
371 1877 476 1912 nicht
495 1888 569 1912 von
588 1877 661 1912 den
681 1877 854 1922 Schiffen,
882 1889 963 1912 0011-

224 1926 314 1960 dern
333 1936 407 1959 von
428 1925 499 1959 den
519 1924 662 1960 Leuten
680 1924 747 1960 auf
762 1925 965 1960 denselben

224 1973 408 2018 ausgefibt
435 1972 539 2007 wird.

271 2024 302 2055 9.
318 2020 600 2065 adfectantibus]
617 2019 843 2054 verst'arktes
858 2030 963 2064 appe-

224 2070 312 2111 tere,·
343 2067 418 2111 vgl.
445 2066 503 2109 24,
531 2071 588 2109 25,
615 2071 634 2102 5
660 2068 876 2112 nequiquam
895 2078 964 2111 pa-

224 2115 297 2149 lam
316 2115 470 2158 petitum
494 2125 644 2160 reqnum
673 2115 765 2150 clam
784 2115 966 2158 adfectare

225 2165 374 2197 conatus
399 2165 458 2196 est.

275 2212 327 2242 10.
354 2209 491 2242 medius
510 2208 680 2253 maxime]
707 2208 862 2242 maoeime
881 2207 965 2251 (wie

226 2255 320 2289 auch
333 2256 504 2300 utrisque)
525 2254 659 2299 geho'rt
676 2267 718 2288 zu
731 2254 867 2289 beiden
880 2254 964 2299 Adj.

227 2319 271 2332 =
299 2301 464 2346 ‘gerade'
497 2301 535 2335 in
561 2301 626 2335 der
651 2301 759 2335 Mitte
789 2302 878 2335 ‘und
904 2301 966 2335 da-

225 2350 320 2384 rum'
351 2378 357 2384 .
381 2378 387 2385 .
410 2377 416 2383 .
439 2360 499 2383 am
524 2348 793 2393 geeignetsten.

267 2400 415 2441 portum
443 2396 682 2442 Troqilorum]
715 2395 804 2430 kein
829 2395 969 2440 cigent-

227 2442 345 2478 licher
361 2442 481 2477 Hafen
502 2444 567 2477 der
583 2443 707 2486 Stadt3
728 2442 969 2486 Thukydides

228 2492 342 2525 nennt
370 2490 429 2525 die
455 2490 576 2524 Bucht
605 2488 799 2535 Τρώγιλος.

276 2543 330 2573 11.
358 2549 400 2573 ea:
420 2538 643 2583 propinquo]
673 2550 698 2572 0.
726 2549 768 2571 zu
796 2542 850 2581 16,
876 2541 909 2572 2.

274 2586 366 2631 ipse]
396 2585 530 2630 gehort
554 2596 597 2618 zu
623 2585 707 2619 dem
733 2585 772 2618 in
795 2585 879 2619 dem
899 2584 968 2619 Ge-

229 2632 401 2666 rundium
435 2633 657 2667 aestimando
688 2632 887 2677 liegenden
916 2631 968 2666 10-

230 2678 385 2724 gischen
418 2678 585 2724 Subject,
618 2679 673 2713 als
704 2690 812 2713 wenn
837 2679 970 2723 gesagt

230 2729 327 2760 w'are
371 2738 450 2761 eum
493 2727 695 2762 aestimaret
730 2728 807 2771 ipse
841 2737 968 2761 secum.

230 2771 360 2807 Dieser
402 2773 666 2817 grammatisch
708 2773 968 2807 unerklarbare

232 2818 561 2864 Sprachgebrauch
575 2820 692 2854 findet
705 2820 785 2854 sich
806 2819 877 2855 seit
890 2819 967 2855 Liv.

230 2865 396 2910 haufiger
415 2867 475 2901 bei
494 2869 580 2912 ipse,
602 2868 748 2913 quisque
766 2867 841 2901 und
863 2866 968 2901 Zahl-

1035 1548 1231 1583 communis
1250 1550 1341 1589 erat,
1366 1547 1408 1581 in
1431 1557 1467 1582 se
1484 1557 1599 1581 unum
1618 1546 1776 1581 omnium

1034 1596 1127 1630 vires
1153 1595 1333 1630 convertit.

1076 1641 1257 1687 paterent]
1284 1640 1449 1674 namlich
1473 1641 1515 1675 in
1533 1640 1775 1683 altitudinem,

1034 1689 1105 1723 wie
1150 1688 1214 1723 der
1257 1687 1579 1731 Zusammenhang
1619 1686 1774 1731 ergiebt,

1035 1735 1113 1770 also
1141 1752 1185 1765 =
1214 1735 1298 1769 ‘wie
1322 1735 1421 1769 hoch
1448 1734 1500 1768 sie
1526 1734 1678 1768 waren’.

1085 1787 1138 1818 12.
1153 1786 1328 1828 quantum
1332 1783 1499 1827 proxime
1503 1781 1661 1826 poterat]
1673 1783 1776 1814 n'am-

1034 1829 1314 1875 lichpernzetimss;
1321 1828 1597 1874 gewohnlicher
1605 1829 1689 1872 sagt
1695 1827 1776 1862 Liv.

1036 1889 1143 1922 quam
1162 1877 1232 1911 mit
1251 1877 1335 1911 dem
1350 1876 1435 1921 Sup.
1457 1893 1502 1906 =
1522 1886 1562 1909 so
1582 1875 1677 1909 nahe
1697 1874 1777 1920 (der

1036 1924 1329 1969 Wirklichkeit),
1356 1924 1389 1958 d.
1410 1924 1445 1958 h.
1467 1934 1507 1957 so
1537 1922 1699 1967 ‘genau’,
1720 1922 1777 1955 als

1037 1982 1076 2006 er
1096 1971 1149 2006 sie
1170 1973 1375 2007 coniectura
1395 1981 1607 2005 ausmessen
1625 1969 1777 2004 konnte.

1084 2019 1286 2065 aliquanto]
1315 2030 1341 2053 s,
1368 2030 1410 2052 zu
1436 2023 1491 2061 31,
1519 2023 1550 2052 5.

1083 2066 1336 2112 superabilem]
1376 2077 1445 2099 nur
1481 2064 1562 2099 hier
1593 2063 1655 2099 bei
1685 2063 1776 2106 Liv.,

1037 2114 1204 2158 haufiger
1229 2113 1294 2147 das
1320 2113 1493 2155 Verbum,
1519 2111 1590 2145 wie
1616 2111 1653 2155 5,
1678 2115 1711 2154 8,
1733 2113 1776 2144 10

1036 2164 1225 2205 superatas
1234 2161 1462 2203 munitiones,
1473 2160 1649 2203 utrimque
1658 2157 1779 2192 invehi

1038 2208 1169 2242 hostem
1192 2208 1402 2248 nuntiatur;
1435 2217 1508 2240 von
1529 2204 1690 2239 Schiffen
1715 2203 1776 2247 30,

1039 2258 1094 2298 25,
1110 2258 1130 2289 5
1151 2255 1433 2299 quinqueremem
1450 2256 1676 2297 superantem
1689 2261 1775 2296 pro-

1038 2302 1264 2336 munturium
1287 2304 1428 2345 repente
1452 2301 1642 2345 adqressae
1652 2302 1760 2336 nsunt.

1091 2352 1143 2383 14.
1181 2349 1275 2383 diem
1310 2350 1438 2391 festum
1475 2346 1638 2391 Dianae]
1680 2345 1777 2378 ‘das’

1042 2395 1129 2430 Fest
1154 2395 1219 2429 der
1238 2394 1368 2439 Diana,
1394 2393 1534 2429 welche
1560 2393 1599 2427 in
1618 2392 1779 2436 Syrakus

1042 2442 1309 2487 vorzugsweise
1341 2442 1489 2476 verehrt
1519 2440 1662 2482 wurde,
1693 2438 1779 2473 weil

1042 2489 1102 2524 die
1122 2490 1219 2524 Insel
1240 2489 1395 2534 Ortygia
1414 2490 1484 2533 (wo
1506 2487 1565 2522 die
1589 2487 1685 2521 erste
1704 2485 1779 2519 An-

1043 2537 1236 2581 siedelung
1255 2535 1534 2581 stattgefunden
1557 2534 1676 2577 hatte)
1705 2544 1779 2567 von

1043 2584 1163 2619 einem
1176 2583 1379 2618 Beinamen
1399 2583 1463 2617 der
1481 2581 1602 2616 Diana
1613 2580 1693 2614 ihre
1712 2580 1778 2614 Be-

1040 2642 1217 2675 nennung
1231 2631 1398 2665 erhalten
1411 2630 1525 2664 hatte.
1557 2627 1651 2662 Dort
1670 2626 1779 2661 stand

1043 2678 1103 2713 ein
1113 2678 1250 2712 uraltes
1262 2677 1496 2722 Heiligthum
1509 2674 1628 2709 dieser
1636 2673 1777 2708 Gottin.

1089 2725 1244 2771 Iaryius]
1271 2735 1357 2758 man
1377 2723 1570 2759 erwartete
1590 2722 1678 2756 eher
1695 2722 1780 2755 vino

1043 2774 1197 2818 larqiore
1246 2789 1289 2801 =
1343 2771 1457 2805 durch
1512 2768 1781 2803 reichlicheren

1044 2819 1339 2864 ‘Weingenuss’3
1378 2817 1473 2852 doch
1510 2816 1643 2860 besagt
1672 2814 1779 2859 jenes

1043 2867 1182 2912 laryius
1206 2866 1376 2902 celebrari
1401 2863 1581 2898 dasselbe.
