1882 3163
210 110 263 152 78
679 111 823 146 LIBER
847 111 996 146 XXIIII.
1024 111 1124 146 CAP.
1151 116 1205 146 46.
1233 116 1289 147 47.

1545 129 1570 147 a.
1597 129 1625 147 u.
1651 129 1676 148 c.
1701 123 1763 149 541.

207 219 370 274 liorque
415 219 608 260 accidens
654 219 828 261 auribus
871 233 1075 275 magnam
1119 222 1284 274 partem
1327 220 1550 261 hominum
1595 221 1764 275 sopivit.

161 292 180 323 6
206 281 439 333 postquam
482 280 651 332 portam
696 278 917 333 tenebant,
961 279 1195 321 cornicines
1239 279 1285 320 in
1320 280 1391 320 via
1428 280 1602 333 paribus
1634 280 1764 321 inter-

161 351 180 381 7
206 338 331 378 vallis
371 336 601 391 dispositos
635 352 785 379 canere
816 338 983 393 iubent,
1027 340 1075 379 ut
1107 338 1325 380 consulem
1358 338 1556 380 excirent.

1617 339 1660 380 id
1691 339 1765 380 ubi

206 396 367 438 factum
406 411 456 437 ex
499 397 736 451 composito
775 399 856 448 est,
902 398 1024 452 signa
1056 397 1194 438 efferri
1227 397 1376 439 consul
1406 397 1523 438 iubet
1556 412 1604 439 ac
1635 399 1764 452 paulo

134 457 191 499 47
206 458 306 497 ante
336 456 474 497 lucem
506 470 581 509 per
613 456 832 497 effractam
863 459 1034 510 portam
1072 457 1220 498 urbem
1260 456 1510 512 ingreditur.

1569 459 1662 498 tum
1695 456 1763 498 de-

205 530 324 556 mum
362 515 508 557 hostes
542 515 715 556 excitati
748 517 848 556 sunt
878 516 965 556 iarn
998 518 1040 557 et
1069 516 1204 557 imbre
1238 516 1560 570 conquiescente
1592 518 1635 557 et
1665 530 1765 570 pro-

158 586 178 617 2
204 574 366 629 pinqua
408 575 514 615 luce.

586 574 843 629 praesidium
887 575 932 616 in
974 575 1078 616 urbe
1123 577 1215 615 erat
1257 573 1533 629 Hannibalis,
1578 575 1765 630 quinque

205 633 326 674 milia
368 633 502 674 ferme
547 636 828 687 armatorum,
872 636 914 675 et
957 633 1039 688 ipsi
1070 634 1226 688 Arpini
1269 634 1353 675 tria
1392 633 1511 674 milia
1541 633 1763 675 hominum

206 695 433 734 armarant.

159 767 178 797 3
205 751 322 793 hosti
367 754 672 806 opposuerunt.

205 812 284 852 viis
324 813 399 852 est.

495 707 566 734 eos
605 693 764 747 primos
797 691 946 746 Poeni,
984 707 1037 734 ne
1075 693 1174 747 quid
1207 693 1260 734 ab
1293 696 1416 748 tergo
1447 692 1608 733 fraudis
1642 696 1764 747 esset,

732 754 970 807 pugnatum
1007 752 1145 806 primo
1183 752 1226 793 in
1263 752 1450 793 tenebris
1485 751 1764 806 angustisque

461 825 557 852 cum
588 810 774 852 Romani
812 825 896 852 non
933 811 1023 852 vias
1055 813 1221 852 tantum
1255 811 1327 853 sed
1358 813 1473 852 tecta
1505 811 1632 852 etiam
1666 825 1763 865 pro-

202 870 319 911 xima
349 873 498 924 portae
531 872 829 924 occupassent,
860 884 912 910 ne
944 870 1032 924 peti
1064 884 1242 924 superne
1275 885 1322 912 ac
1343 870 1556 911 volnerari
1576 872 1764 924 possent,

156 944 178 974 4
205 930 366 984 cogniti
397 930 509 970 inter
539 943 579 971 se
610 928 782 983 quidam
807 928 1044 982 Arpinique
1078 932 1120 970 et
1145 928 1340 983 Romani,
1373 931 1498 983 atque
1531 929 1629 970 inde
1662 943 1763 971 con-

156 1003 176 1033 5
202 988 347 1043 loquia
379 991 530 1042 coepta
561 988 652 1029 fieri
685 988 1062 1041 percunctantibus
1095 987 1325 1042 Romanis,
1357 987 1455 1042 quid
1488 988 1571 1028 sibi
1602 988 1762 1029 vellent

205 1047 378 1102 Arpini,
411 1062 537 1101 quam
572 1047 625 1088 ob
657 1061 814 1088 noxam
845 1046 1156 1101 Romanorum,
1189 1050 1262 1088 aut
1295 1046 1406 1101 quod
1438 1046 1638 1087 meritum
1659 1046 1760 1088 Poe-

201 1121 352 1148 norum
403 1120 480 1160 pro
527 1106 780 1160 alienigenis
825 1121 870 1147 ac
921 1106 1115 1147 barbaris
1158 1105 1300 1147 Italici
1351 1105 1554 1147 adversus
1598 1107 1763 1146 veteres

203 1166 338 1207 socios
371 1165 590 1207 Romanos
629 1165 789 1206 bellun]
831 1168 1026 1220 gererent
1067 1168 1109 1206 et
1148 1165 1403 1220 vectigalem
1447 1179 1495 1206 ac
1534 1164 1761 1218 stipendia-

155 1239 174 1269 6
201 1225 309 1266 riam
352 1224 524 1265 Italiam
570 1224 739 1265 Africae
783 1224 991 1274 facerent,
1036 1224 1212 1279 Arpinis
1257 1224 1541 1280 purgantibus
1586 1224 1762 1278 ignaros

203 1284 394 1326 omnium
434 1298 478 1325 se
511 1298 664 1325 venum
698 1298 722 1324 a
753 1283 1020 1337 principibus
1054 1283 1174 1326 datos
1207 1283 1371 1337 Poeno,
1410 1285 1556 1337 captos
1590 1297 1761 1337 oppres-

203 1357 356 1398 sosque
398 1357 422 1384 a
462 1343 608 1397 paucis
642 1357 746 1384 esse.

201 1472 323 1515 lippus
348 1483 490 1514 navem,
528 1474 567 1505 ut
592 1472 837 1515 eoeaucliretur,
859 1482 944 1516 pro-

195 1520 284 1563 pius
303 1522 434 1553 terram
455 1519 645 1562 adplicuit,
668 1519 801 1553 ‘damit
815 1530 853 1553 er
866 1530 944 1555 ver-

201 1566 357 1600 standen
382 1566 536 1600 wurde'.

248 1614 376 1647 lentim·
408 1614 571 1648 accidens
603 1613 769 1658 auribus]
802 1613 875 1658 vgl.
910 1613 944 1656 8,

200 1664 256 1703 39,
283 1665 304 1694 4
331 1661 463 1695 clamor
488 1671 601 1694 novus
628 1662 791 1695 accidens
817 1661 946 1694 terruit

201 1709 350 1742 animos.
403 1707 436 1750 8,
474 1711 530 1749 24,
569 1712 609 1741 11
654 1708 748 1752 quod
790 1708 854 1742 ubi
897 1708 945 1742 acl

200 1766 305 1789 aures
332 1756 463 1790 accidit
488 1756 591 1799 regis.

247 1819 278 1849 6.
321 1815 362 1848 in
404 1815 465 1848 via
503 1813 710 1859 dispositos]
755 1814 820 1847 auf
857 1813 941 1847 dem

199 1862 316 1906 Wege
353 1872 425 1896 von
464 1862 548 1895 dem
589 1861 689 1895 Thor
726 1861 821 1895 nach
859 1861 942 1895 dein

199 1909 334 1954 Lager,
390 1920 446 1943 wo
496 1908 696 1943 Homisten
745 1908 943 1953 zuri'ickge-

198 1956 321 1991 lassen
348 1956 441 1991 sind.

246 2004 387 2048 canere]
416 2016 442 2038 s.
470 2015 513 2037 zu
542 2007 595 2046 15,
624 2008 654 2038 1.

248 2063 309 2097 47.
337 2066 368 2096 3.
396 2062 563 2107 tenebris]
597 2062 670 2106 vgl.
699 2066 716 2104 ἓ
745 2066 761 2095 1
791 2063 943 2106 propin-

201 2121 273 2154 qua
301 2111 392 2152 luce,
421 2109 497 2143 also
524 2109 722 2144 hochstens
745 2109 810 2142 ‘im
829 2109 945 2143 Halb-

202 2156 367 2190 dunkel’.

248 2215 327 2238 cum
361 2203 539 2247 Romani]
579 2203 643 2237 dei·
681 2202 945 2237 Schriftsteller

199 2251 264 2285 hat
282 2251 408 2284 deinde
422 2250 595 2294 (welches
612 2260 697 2283 man
712 2250 807 2283 nach
825 2250 943 2293 primo

201 2298 386 2341 erwartet)
426 2298 705 2331 hinzuzusetzen
736 2307 942 2340 vergessen,

200 2356 275 2379 was
300 2345 378 2379 ihm
405 2345 498 2379 oster
525 2345 710 2388 begegnet
734 2344 795 2378 ist.

247 2408 277 2438 4.
293 2403 442 2448 coyniti]
457 2403 619 2437 namlich
632 2402 670 2436 in
686 2402 755 2436 den
764 2402 943 2445 Hausern,

200 2450 259 2485 die
278 2462 349 2485 von
370 2451 474 2484 ihren
493 2450 721 2484 Bewohnern
740 2449 846 2483 nicht
864 2460 942 2484 ver-

200 2498 319 2532 lassen
345 2498 436 2533 sind.

248 2546 453 2589 Arpinique
478 2548 510 2579 et
535 2544 598 2589 R]
626 2556 651 2579 s.
681 2556 725 2577 zu
750 2548 811 2587 39,
839 2548 869 2578 6.

248 2608 279 2639 5.
304 2605 398 2648 quod
422 2603 601 2648 meritum]
628 2614 755 2647 wegen
782 2603 847 2637 der
865 2602 941 2637 feh-

199 2651 333 2685 lenden
358 2651 466 2694 Prap.
494 2663 519 2684 s.
547 2663 591 2684 zu
618 2654 673 2693 23,
702 2654 731 2684 7.

248 2699 459 2742 αῖίεηίρεηὶε
507 2709 550 2732 ac
593 2697 709 2742 barb]
754 2696 943 2732 dieselben

200 2744 505 2789 Bezeichnungen
518 2744 752 2789 gebrauchen
761 2743 942 2779 Griechen

199 2802 271 2824 von
303 2791 373 2826 den
404 2792 562 2825 Romern
600 2791 661 2833 31,
693 2795 747 2834 29,
784 2795 823 2824 15
863 2802 942 2825 cum

202 2838 429 2882 alienigenis,
461 2850 539 2872 cum
566 2839 733 2872 barbaris
759 2841 942 2872 aeternum

202 2885 366 2919 omnibus
392 2886 542 2920 Graecis
568 2886 696 2920 bellum
722 2889 771 2919 cst
796 2886 939 2930 eritque.

807 1343 929 1384 initio
963 1345 1058 1385 orto
1090 1343 1231 1397 plures
1265 1357 1359 1384 curn
1391 1342 1584 1397 pluribus
1617 1341 1762 1383 conlo-

1066 1471 1285 1516 vectigalem]
1324 1482 1355 1505 v.
1396 1470 1476 1504 sind
1509 1469 1567 1505 die
1595 1469 1762 1512 Steuern,

1019 1519 1158 1553 welche
1188 1518 1246 1553 die
1273 1517 1473 1552 Einzelnen
1504 1517 1635 1551 zahlen
1666 1517 1762 1551 nach

1018 1566 1137 1600 ihrem
1152 1565 1372 1610 Vermogen,
1392 1565 1574 1608 stipendia
1587 1564 1645 1599 die
1659 1564 1760 1609 jahr-

1018 1613 1139 1647 lichen
1166 1612 1337 1654 Tribute,
1370 1611 1429 1646 die
1461 1611 1526 1646 der
1551 1611 1658 1646 Staat
1684 1611 1761 1645 ent-

1018 1660 1168 1702 richtet3
1206 1659 1287 1693 hier
1324 1658 1539 1694 bezeichnet
1576 1658 1635 1692 die
1672 1658 1761 1692 Ver—

1018 1707 1184 1752 bindung
1210 1719 1277 1740 nur
1303 1706 1361 1740 die
1387 1705 1523 1749 vollige
1543 1704 1760 1750 Abhangig·

1017 1755 1098 1789 keit
1123 1755 1269 1797 (ebenso
1297 1753 1356 1796 22,
1383 1757 1439 1796 54,
1468 1754 1535 1795 11).

1062 1806 1094 1836 6.
1121 1800 1386 1846 puryantibus]
1421 1799 1492 1834 ‘als
1523 1798 1757 1834 Entschuldi-

1014 1861 1116 1894 gung
1136 1848 1345 1892 anfiihren’‚
1366 1858 1405 1882 so
1427 1847 1481 1882 oft
1499 1846 1561 1881 bei
1574 1846 1653 1881 Liv.
1674 1859 1702 1881 z.
1717 1845 1760 1880 B.

1015 1896 1075 1939 28,
1087 1900 1143 1939 37,
1154 1900 1173 1930 2
1189 1896 1436 1940 puiyantibus
1449 1895 1496 1928 iis
1515 1894 1761 1928 multitudinis

1016 1954 1192 1978 concursu
1221 1943 1357 1986 factum
1388 1944 1508 1984 (esse);
1545 1941 1677 1975 anders
1709 1940 1761 1975 ist

1017 1990 1077 2035 25,
1094 1995 1125 2034 6,
1141 1995 1160 2025 6
1175 1991 1251 2024 sine
1270 2000 1415 2031 nomam,
1435 1990 1538 2023 cuius
1558 1989 1760 2033 aryuimur,

1016 2049 1081 2072 nos
1110 2049 1288 2082 puryare,
1325 2037 1408 2070 dass
1439 2036 1505 2070 wir
1537 2034 1596 2070 die
1623 2034 1760 2070 Schuld

1018 2086 1097 2120 rein
1111 2085 1277 2128 machen,
1301 2084 1383 2118 ‘uns
1397 2094 1525 2128 wegen
1540 2083 1604 2116 der
1619 2081 1758 2116 Schuld

1016 2131 1316 2176 rechtfertigen’3
1343 2130 1403 2173 23,
1431 2135 1461 2173 7,
1488 2134 1508 2164 6
1543 2130 1677 2163 malum
1701 2129 1758 2171 fa·

1017 2180 1120 2214 cinus
1150 2179 1239 2221 forti
1270 2189 1313 2212 ac
1342 2177 1565 2212 memorabili
1595 2176 1758 2219 facinore

1010 2237 1190 2270 puryares
1228 2224 1342 2259 durch
1379 2223 1459 2258 eine
1495 2223 1628 2257 andere
1661 2222 1759 2256 That

1014 2273 1094 2308 rein
1120 2272 1274 2306 machen
1310 2271 1342 2306 d.
1371 2271 1405 2306 h.
1433 2271 1485 2305 sie
1514 2269 1665 2304 ‘wieder
1690 2272 1758 2314 gut

1017 2319 1200 2354 machen'.

1065 2366 1238 2411 omnium]
1267 2378 1292 2402 s.
1319 2378 1362 2399 zu
1389 2369 1444 2408 29,
1470 2368 1503 2399 4.

1063 2426 1190 2448 *cenum
1199 2435 1241 2438 —
1251 2413 1369 2458 clatos]
1390 2412 1438 2446 ist
1451 2410 1756 2456 ungewohnliche

1017 2462 1169 2496 Tmesis.

1065 2513 1094 2543 7.
1121 2509 1229 2543 initio
1254 2507 1347 2552 orto]
1381 2507 1474 2541 statt
1504 2506 1555 2539 in.
1587 2505 1684 2547 facto
1709 2504 1757 2538 ist

1015 2555 1096 2590 eine
1128 2554 1414 2601 pleonastische,
1447 2552 1542 2587 doch
1568 2551 1651 2586 dem
1676 2551 1756 2586 Liv.

1015 2604 1099 2637 sehr
1124 2601 1409 2648 gebrauchliche
1423 2599 1637 2642 Wendung,
1664 2611 1691 2632 z.
1713 2597 1754 2632 Β.

1015 2650 1075 2694 32,
1102 2654 1157 2693 39,
1184 2654 1204 2684 9
1230 2650 1377 2683 initium
1396 2647 1566 2681 sermonis
1586 2646 1630 2680 ab
1651 2656 1755 2680 excu-

1013 2699 1151 2732 satione
1176 2697 1328 2742 tyranni
1352 2698 1478 2728 ortu-m.

1056 2745 1180 2788 plures
1217 2755 1296 2778 cum
1327 2739 1514 2785 pluribus]
1560 2739 1641 2773 dem
1687 2739 1755 2774 alii

1014 2802 1093 2826 cum
1130 2792 1214 2826 aliis
1251 2787 1512 2833 nachgebildet
1554 2786 1604 2820 im
1643 2785 1753 2820 Sinne

1014 2850 1088 2873 von
1113 2839 1206 2873 inter
1232 2848 1277 2879 se,
1303 2836 1396 2870 doch
1422 2834 1514 2868 wird
1540 2833 1622 2867 dem
1651 2832 1752 2877 Subj.

1015 2886 1096 2920 hier
1137 2885 1304 2929 zugleich
1340 2882 1398 2917 ein
1433 2880 1602 2916 Attribut
1627 2880 1752 2924 beige-
