1882 3163
107 544 158 643 lg
177 615 328 657 agrum
360 601 696 656 Neapolitanum
729 602 783 643 ad
814 602 973 644 Nolam
1006 606 1148 644 castra
1180 605 1335 643 movet.

175 139 232 181 30
637 140 784 175 LIBER
808 140 959 175 XXIIII.
998 140 1100 176 CAP.
1130 146 1182 176 16.
1212 145 1266 177 17.

1514 159 1540 177 α.
1567 160 1593 177 u.
1619 159 1644 178 c.
1672 152 1736 180 540.

174 248 274 290 latis
307 249 520 302 capitibus
553 249 729 290 volones
763 249 924 302 epulati
957 251 1069 301 sunt,
1101 249 1175 290 alii
1208 249 1482 303 accubantes,
1516 250 1589 291 alii
1622 253 1740 292 stan-

106 320 148 350 19
174 310 258 361 tes,
297 307 370 361 qui
415 308 542 348 simul
579 307 889 348 ministrabant
926 308 1305 362 vescebanturque.

1368 308 1500 363 digna
1532 323 1599 350 res
1637 310 1743 364 visa,

174 368 223 407 ut
255 366 528 408 simulacrum
561 366 765 408 celebrati
797 367 885 408 eius
919 367 1001 408 diei
1033 365 1262 420 Gracchus,
1294 369 1523 421 postquam
1554 367 1739 409 Romam

174 425 317 478 rediit,
356 426 478 480 pingi
515 425 682 466 iuberet
720 426 765 466 in
804 425 906 466 aede
944 425 1195 479 Libertatis,
1238 440 1365 479 quam
1404 428 1526 479 pater
1567 427 1657 468 eius
1695 427 1741 467 in

176 484 392 526 Aventino
426 498 475 524 ex
502 484 742 526 multaticia
766 485 948 538 pecunia
976 485 1216 526 faciendam
1243 485 1407 526 curavit
1433 484 1740 540 dedicavitque.

294 542 409 584 Dum
433 543 539 585 haec
567 544 619 584 ad
640 543 932 584 Beneventum
960 545 1178 598 geruntur,
1204 542 1428 584 Hannibal
1456 543 1743 598 depopulatus

1399 617 1526 657 quem
1563 603 1637 644 ubi
1670 603 1742 644 ad-

175 664 354 702 ventare
385 662 534 702 consul
568 662 714 708 sensit,
746 661 986 715 Pomponio
1020 665 1296 715 propraetore
1330 675 1426 702 cum
1459 675 1507 702 eo
1542 662 1742 716 exercitu,

176 720 248 774 qui
287 734 414 774 super
446 719 692 762 Suessulam
731 720 774 761 in
807 721 959 762 castris
999 723 1105 772 erat,
1146 720 1282 761 accito
1321 720 1382 761 ire
1416 720 1588 761 obviam
1625 721 1744 762 hosti

129 790 148 820 3
175 782 302 834 parat
331 793 409 821 nec
436 794 601 820 moram
628 779 857 820 dimicandi
882 778 1034 820 facere.
1085 777 1128 820 C.
1150 778 1377 820 Claudium
1403 778 1620 820 Neronem
1648 793 1744 821 cum

175 838 329 879 robore
363 839 554 892 equitum
588 839 758 879 silentio
790 838 931 879 noctis
970 852 1047 891 per
1085 852 1279 878 aversam
1317 838 1501 879 maxime
1535 838 1588 878 ab
1620 838 1744 879 hoste

175 900 347 951 portam
368 897 539 951 emittit,
560 897 976 950 circumvectumque
998 897 1161 938 occulte
1182 897 1384 950 subsequi
1405 897 1566 938 sensim
1587 910 1744 951 agmen

175 955 366 997 hostium
398 957 517 997 iubet
550 958 608 1009 et,
641 970 736 997 cum
770 959 964 997 coortum
997 955 1209 1008 proelium
1240 955 1424 1008 videret,
1457 955 1509 996 ab
1542 958 1665 1011 tergo
1700 970 1745 997 se

129 1026 151 1055 4
178 1015 358 1056 obicere.
408 1015 450 1055 id
483 1029 623 1056 errore
656 1015 822 1055 viarum
850 1029 904 1055 an
932 1013 1164 1068 exiguitate
1190 1013 1462 1068 temporisN
1466 1028 1537 1056 ero
1571 1014 1743 1068 exsequi

131 1084 150 1115 5
178 1088 264 1115 non
296 1074 497 1127 potuerit,
529 1073 740 1114 incertum
773 1076 850 1114 est.
901 1073 1077 1114 absente
1105 1087 1153 1114 eo
1181 1087 1278 1113 cum
1303 1072 1515 1126 proelium
1548 1073 1743 1114 commis-

178 1147 271 1173 sum
299 1135 423 1186 esset,
451 1133 645 1186 superior
671 1132 843 1186 quidem
867 1131 982 1173 haud
1010 1131 1136 1172 dubie
1157 1131 1378 1172 Romanus
1406 1134 1513 1185 erat3
1546 1131 1619 1172 sed
1645 1131 1747 1185 quia

178 1192 341 1246 equites
374 1205 462 1232 non
495 1191 668 1232 adfuere
701 1192 746 1231 in
777 1193 989 1244 tempore,
1028 1191 1137 1233 ratio
1178 1191 1442 1244 compositae
1474 1190 1537 1231 rei
1569 1190 1746 1232 turbata

178 1253 253 1291 est.
303 1265 390 1292 non
423 1265 552 1291 ausus
586 1250 755 1304 insequi
787 1250 984 1291 cedentes
1012 1248 1240 1290 Marcellus
1273 1249 1544 1290 vincentibus
1578 1249 1665 1290 suis
1693 1249 1746 1290 si-

130 1321 150 1352 6
178 1323 312 1364 gnum
331 1309 521 1363 receptui
542 1309 669 1350 dedit.
716 1310 810 1362 plus
832 1311 977 1349 tamen
999 1309 1081 1350 duo
1102 1308 1223 1349 milia
1242 1308 1435 1349 hostium
1456 1323 1505 1349 eo
1527 1308 1594 1349 die
1621 1322 1746 1349 caesa

131 1380 148 1410 7
176 1368 417 1422 traduntur,
448 1368 635 1409 Romani
668 1368 809 1408 minus
843 1367 1155 1422 quadringenti.
1207 1367 1308 1408 solis
1335 1367 1421 1408 fere
1449 1381 1602 1408 occasu
1628 1366 1744 1408 Nero

178 1427 289 1468 diem
327 1430 583 1482 noctemque
623 1427 882 1481 nequiquam
922 1426 1119 1481 fatigatis
1162 1426 1280 1480 equis
1321 1426 1653 1480 hominibusque
1692 1440 1745 1466 ne

178 1486 270 1527 viso
304 1486 474 1541 quidem
505 1486 628 1527 hoste
659 1486 827 1527 rediens
861 1485 965 1527 adeo
999 1485 1187 1540 graviter
1219 1487 1284 1526 est
1317 1485 1370 1526 ab
1403 1485 1575 1526 consule
1607 1484 1744 1525 incre-

177 1544 306 1599 pitus,
338 1548 386 1586 ut
411 1560 487 1599 per
520 1560 615 1585 eum
650 1545 821 1586 stetisse
855 1545 1024 1598 diceret,
1057 1558 1139 1598 quo
1173 1544 1314 1584 minus
1349 1546 1524 1598 accepta
1556 1543 1609 1585 ad
1636 1542 1745 1584 Can—

228 1687 280 1718 19.
308 1684 423 1728 diana
447 1703 488 1708 -
516 1683 571 1728 ut]
599 1683 658 1717 die
679 1683 925 1728 Anwendung

178 1730 241 1765 des
262 1730 339 1765 Rel.
361 1742 463 1775 pron.
490 1741 567 1764 war
592 1731 672 1765 hier
696 1730 802 1764 nicht
821 1734 925 1775 mog-

177 1777 263 1821 fich,
294 1777 429 1812 ebenso
455 1777 577 1822 wenig
604 1777 662 1820 23,
684 1781 741 1820 42,
764 1781 805 1811 13
839 1788 926 1821 quos

177 1829 218 1859 ut
261 1826 375 1859 socios
418 1825 563 1859 haberes
607 1825 736 1869 <liquos
773 1825 926 1866 duxisti,

176 1873 276 1906 haud
301 1873 473 1916 iudiynos
498 1873 654 1914 iudicas,
681 1882 767 1916 quos
785 1892 828 1896 —
849 1875 923 1905 tue-

177 1920 254 1954 aris
296 1930 426 1963 wegen
470 1919 533 1954 des
578 1919 692 1953 sehon
736 1920 925 1963 gesetzten

178 1977 285 2010 quos;
316 1966 356 2000 L.
389 1966 628 2001 verschm'aht
655 1977 691 2000 es
717 1966 806 2000 aber
831 1966 925 2000 auch

179 2015 283 2048 sonst
314 2026 341 2048 z,
369 2013 410 2047 B.
437 2013 503 2057 2⁶2,
531 2017 592 2056 59,
623 2017 663 2047 17
693 2013 853 2057 indigni,
885 2016 926 2046 ut

177 2061 432 2095 redimeremur
459 2072 481 2094 α
506 2061 622 2103 vobis,
648 2061 719 2094 visi
742 2071 876 2094 sumus.

226 2119 466 2164 multaticius]
500 2119 548 2153 ist
580 2118 661 2153 eine
695 2118 825 2164 eigene
851 2119 925 2153 Bil-

179 2165 280 2209 dung
306 2165 369 2200 des
396 2165 453 2207 L.;
484 2165 548 2199 das
573 2166 683 2199 Wort
706 2165 823 2199 findet
848 2165 926 2199 sich

178 2213 239 2247 bei
264 2213 341 2246 ihm
369 2212 433 2255 oft,
462 2212 522 2246 bei
549 2212 710 2246 anderen
739 2211 924 2246 Schriftst.

177 2260 389 2303 uberhaupt
413 2270 481 2303 gar
505 2258 620 2293 nicht.

226 2330 289 2364 17.
339 2329 570 2363 Hannibal
614 2328 812 2363 erleidet
854 2328 926 2362 bei

179 2377 294 2411 Nola
326 2377 425 2411 eine
453 2375 678 2420 Schlappe
705 2388 739 2410 u.
772 2375 926 2409 bricht

179 2424 293 2458 nach
320 2424 488 2458 Tarent
514 2423 597 2457 auf.

227 2486 259 2517 2.
320 2482 538 2527 Pomponio]
599 2481 647 2515 M.
699 2480 923 2525 Pomponius

179 2530 307 2564 Matho
331 2540 408 2563 war
428 2534 494 2563 217
513 2541 547 2564 u.
564 2533 631 2562 216
653 2532 803 2572 praetor
822 2539 923 2571 pere-

178 2578 324 2621 mimas,
363 2580 430 2610 215
458 2589 492 2610 11.
521 2580 589 2609 214
616 2578 835 2619 propraetor
865 2575 924 2608 fiir

180 2624 337 2666 Gallien,
363 2624 433 2657 wie
460 2623 538 2657 sich
559 2634 623 2656 aus
647 2626 700 2665 10,
722 2626 741 2656 3
769 2621 922 2666 ergiebt.

180 2670 248 2704 Die
275 2670 654 2714 Kriegsverhaltnisse
679 2670 811 2703 hatten
836 2668 924 2702 aber

182 2718 252 2751 den
267 2718 380 2752 Senat
394 2718 601 2751 veranlasst
616 2717 789 2757 Galliam,
804 2726 925 2760 quam-

181 2776 289 2807 quam
313 2765 525 2799 stimulabat
550 2765 649 2798 iustu
672 2765 743 2805 ira,
769 2763 926 2797 omittere

182 2822 219 2844 eo
245 2822 342 2845 amco
369 2812 477 2855 (215),
504 2811 578 2845 und
600 2811 694 2844 auch
721 2811 772 2844 im
797 2810 829 2844 J.
857 2812 925 2842 214

183 2858 325 2892 scheint
344 2858 470 2902 Pomp.
498 2857 690 2892 vielleicht
714 2857 781 2891 auf
799 2855 924 2891 Grund

183 2904 282 2938 eines
324 2905 521 2939 {thnlichen
560 2904 926 2938 Senatsbeschlusses

999 1683 1177 1717 zun‘achst
1202 1682 1272 1717 mit
1299 1682 1395 1717 nach
1423 1682 1507 1716 dem
1534 1681 1657 1716 Sfiden
1683 1692 1746 1725 ge-

999 1741 1155 1774 gangen,
1177 1730 1250 1763 erst
1269 1732 1392 1773 spater
1410 1729 1449 1762 in
1469 1729 1567 1763 seine
1588 1729 1746 1763 Provinz

1001 1776 1208 1810 Ariminum
1241 1776 1416 1820 (Gallien)
1453 1775 1672 1810 marschiert
1703 1787 1748 1809 zu

998 1823 1088 1858 sein.
1139 1827 1200 1867 44,
1228 1828 1248 1857 3
1276 1823 1369 1857 wird
1405 1822 1483 1856 ihm
1521 1822 1580 1857 fiir
1617 1822 1744 1857 diesen

999 1870 1131 1905 Bezirk
1157 1870 1217 1905 ein
1245 1870 1472 1915 Nachfolger
1495 1869 1658 1913 bestellt,
1683 1869 1747 1904 der

999 1919 1099 1952 seine
1125 1918 1301 1962 Truppen
1327 1917 1564 1952 fibernimmt.

1045 1987 1153 2020 super
1192 1976 1416 2022 Suessulam]
1462 1987 1538 2010 war
1578 1975 1638 2009 ein
1674 1986 1747 2010 von

998 2022 1196 2058 Marcellus
1243 2024 1294 2057 im
1338 2024 1493 2067 vorigen
1530 2021 1644 2056 Jahre
1688 2022 1744 2056 als

998 2070 1197 2105 Proconsul
1230 2069 1446 2104 errichtetes
1472 2082 1506 2103 u.
1539 2069 1635 2104 nach
1667 2069 1746 2103 ihm

999 2121 1119 2152 castra
1146 2117 1359 2152 Claudiana
1384 2117 1587 2151 benanntes
1613 2116 1744 2160 Lager.

1046 2180 1078 2209 3.
1112 2175 1274 2220 portam]
1308 2175 1367 2209 die
1396 2174 1476 2208 hier
1506 2174 1745 2208 bezeichnete

998 2222 1114 2256 heisst
1144 2226 1257 2265 porta
1289 2222 1490 2256 decumana
1528 2220 1602 2264 <die
1636 2223 1747 2255 loten

1000 2268 1184 2303 Cohorten
1226 2268 1292 2302 der
1329 2268 1517 2302 einzelnen
1557 2268 1746 2312 Legionen

1000 2315 1110 2360 lagen
1129 2315 1189 2349 ihr
1209 2327 1269 2349 am
1283 2315 1487 2359 nselmum),
1507 2314 1592 2349 dem
1606 2314 1746 2349 Feinde

1000 2362 1204 2407 zugekehrt
1234 2362 1283 2396 ist
1314 2362 1373 2396 die
1402 2365 1515 2405 porta
1542 2362 1743 2405 praetoria,

1000 2409 1058 2443 die
1096 2409 1202 2443 ihren
1244 2409 1388 2443 Namen
1426 2419 1499 2443 von
1537 2409 1602 2443 der
1638 2408 1746 2443 Nahe

1000 2456 1063 2490 des
1081 2460 1134 2498 15,
1152 2461 1167 2490 1
1192 2457 1407 2490 erwahnten
1424 2456 1650 2499 praetorium
1667 2456 1744 2489 hat.

1046 2515 1090 2549 ab
1116 2518 1213 2559 teryo
1239 2526 1274 2549 se
1300 2515 1449 2560 obicere]
1489 2514 1555 2548 hat
1580 2514 1621 2548 L.
1649 2513 1744 2548 &fter

998 2562 1222 2606 verbunden,
1245 2562 1338 2597 ohne
1360 2562 1444 2596 dass
1458 2572 1543 2595 man
1561 2560 1743 2595 fliehende

997 2609 1136 2644 Feinde
1169 2621 1212 2643 zu
1244 2609 1391 2643 denken
1421 2608 1545 2649 hatte,
1584 2607 1670 2652 allg.
1699 2623 1744 2635 ==

1000 2656 1094 2690 ‘sich
1133 2656 1312 2696 sturzen'3
1351 2655 1552 2699 passender
1591 2657 1689 2688 w‘are
1723 2665 1745 2688 a

999 2704 1117 2745 fronte
1142 2715 1176 2738 u.
1204 2703 1320 2737 selbst
1345 2714 1369 2737 a
1394 2701 1575 2737 lateribus.

1047 2766 1076 2795 7.
1118 2762 1216 2805 equis
1246 2759 1532 2804 hominibusque]
1570 2758 1676 2793 nicht
1701 2771 1742 2792 zu

998 2809 1247 2843 verwechseln
1266 2808 1335 2842 mit
1355 2808 1453 2851 equis
1472 2806 1642 2849 virisque,
1665 2817 1742 2839 was

999 2854 1203 2889 Cavallerie
1236 2855 1311 2888 und
1343 2852 1543 2887 Infanterie
1577 2852 1741 2887 bezeich-

998 2903 1072 2945 net,
1099 2902 1178 2936 hier
1206 2902 1311 2936 ‘Ross
1337 2901 1412 2934 und
1438 2899 1591 2934 Reiter’.
