1882 3163
608 110 751 146 LIBER
778 111 891 146 XXV.
931 110 1031 145 CAP.
1060 116 1116 146 37.
1143 114 1198 146 38.
1638 112 1693 153 75

128 129 155 148 a.
177 121 244 148 Chr.
264 129 292 147 n.
315 122 375 147 212.

129 209 300 262 adiecit,
331 211 380 249 ut
410 209 523 250 ultro
557 211 696 250 castra
721 208 911 248 hostium
939 210 1217 263 oppugnaret,
1248 207 1419 249 facilius
1453 221 1545 249 esse
1571 210 1691 250 ratus
1720 218 1763 249 18

129 268 256 309 unius
296 267 582 308 Hasdrubalis
622 266 857 321 expugnari
896 270 1038 308 castra
1075 281 1220 321 quam,
1260 267 1297 308 si
1337 281 1381 308 se
1418 281 1564 308 rursus
1605 270 1692 308 tres

130 326 340 368 exercitus
374 341 422 368 ac
453 329 541 368 tres
573 326 700 367 duces
732 325 991 378 iunxissent,
1031 340 1107 366 sua
1139 324 1328 379 defendi3
1367 325 1495 367 simul
1527 328 1619 379 aut,
1656 326 1695 368 si
1724 337 1763 368 19

130 386 408 427 successisset
438 385 618 439 coeptis,
657 386 896 426 erecturum
930 399 974 425 se
1014 384 1205 425 adflictas
1238 398 1306 425 res
1344 387 1436 436 aut,
1475 384 1512 426 si
1544 384 1692 439 pulsus

130 447 256 498 esset,
288 448 433 486 tamen
459 445 571 486 ultro
597 442 821 485 inferendo
849 457 970 483 arma
995 444 1289 497 contemptum
1319 443 1385 484 sui
1411 443 1692 498 dempturum.

130 517 183 543 ne
214 505 359 544 tamen
393 503 536 544 subita
567 516 634 544 res
668 504 711 543 et
741 503 976 543 nocturnus
1008 503 1146 542 terror
1172 503 1215 542 et
1245 502 1332 542 iam
1359 516 1447 543 non
1481 517 1582 544 suae
1608 502 1764 545 for-38

129 564 261 603 tunae
294 562 521 603 consilium
551 560 842 616 perturbaret,
875 559 1167 614 adloquendos
1201 560 1576 616 adhortandosque
1610 561 1693 603 sibi

130 621 288 662 milites
328 622 448 662 ratus
486 620 685 662 contione
723 619 930 661 advocata
967 619 1029 660 ita
1068 618 1289 660 disseruit:
1335 618 1424 660 ‘vel
1462 634 1558 662 mea
1594 634 1696 676 erga
1722 633 1742 662 2

129 679 410 734 imperatores
456 681 628 721 nostros
679 679 800 720 vivos
846 680 1125 733 mortuosque
1172 677 1330 732 pietas,
1378 679 1446 720 vel
1490 694 1694 733 praesens

130 740 323 780 omnium
354 740 568 792 nostrum,
606 737 784 791 milites,
825 737 1000 779 fortuna
1036 737 1163 778 fidem
1203 737 1336 778 cuivis
1373 737 1512 779 facere
1550 740 1695 792 potest

130 797 239 838 mihi
264 797 345 839 hoc
371 797 612 851 imperium,
638 799 687 839 ut
713 797 903 851 amplum
929 796 1086 837 iudicio
1106 798 1263 850 vestro,
1288 796 1350 837 ita
1374 811 1418 837 re
1445 797 1540 851 ipsa
1566 811 1694 852 grave

130 871 179 898 ac
212 856 445 898 sollicitum
477 870 581 898 esse.
644 870 727 911 quo
764 856 877 897 enim
908 857 1118 909 tempore,
1156 855 1241 896 nisi
1279 857 1418 896 metus
1457 870 1695 897 maerorem
1721 871 1741 897 3

129 914 494 969 obstupefaceret,
531 917 602 956 vix
642 915 703 956 ita
742 929 919 969 compos
958 914 1042 955 mei
1080 928 1236 967 essem,
1272 916 1321 955 ut
1359 914 1504 969 aliqua
1536 915 1696 957 solacia

128 974 320 1016 invenire
353 987 483 1028 aegro
516 975 658 1016 animo
691 988 882 1028 possem,
924 986 1056 1027 cogor
1092 975 1280 1015 vestram
1319 974 1511 1015 omnium
1549 974 1695 1028 vicem,

130 1033 243 1088 quod
281 1032 582 1074 difficillimum
619 1033 663 1074 in
703 1033 820 1075 luctu
860 1034 941 1084 est,
980 1047 1090 1073 unus
1130 1032 1362 1074 consulere.
1431 1036 1474 1074 et
1510 1047 1563 1074 ne
1603 1035 1694 1074 tum
1722 1046 1741 1075 4

130 1092 322 1147 quidem,
362 1092 436 1133 ubi
474 1106 661 1146 quonam
700 1092 826 1134 modo
864 1091 943 1133 has
975 1091 1177 1145 reliquias
1210 1091 1393 1133 duorum
1432 1092 1694 1134 exercituum

129 1151 297 1206 patriae
329 1165 582 1192 conservare
614 1151 797 1206 possim,
835 1150 1112 1206 cogitandum
1151 1152 1234 1205 est,
1272 1153 1464 1192 avertere
1503 1150 1693 1192 animum

130 1210 184 1251 ab
219 1209 390 1251 assiduo
423 1224 614 1251 maerore
645 1210 756 1252 licet.
822 1213 994 1264 praesto
1035 1212 1100 1251 est
1137 1209 1250 1250 enim
1290 1209 1443 1251 acerba
1475 1210 1696 1264 memoria,
1721 1222 1742 1253 5

129 1272 173 1310 et
206 1266 424 1323 Scipiones
458 1283 524 1309 me
557 1269 683 1311 ambo
723 1269 811 1310 dies
849 1271 1081 1323 noctesque
1119 1269 1232 1310 curis
1264 1268 1572 1324 insomniisque
1606 1269 1695 1324 agi-

129 1330 228 1369 tant
266 1330 309 1369 et
346 1328 535 1369 excitant
575 1342 700 1382 saepe
740 1343 908 1382 somno,
946 1342 1029 1369 neu
1062 1341 1124 1379 se,
1157 1341 1241 1368 neu
1273 1327 1457 1369 invictos
1489 1342 1566 1382 per
1598 1331 1694 1370 octo
1722 1342 1741 1372 ss

132 1401 267 1429 annos
294 1387 340 1427 in
364 1387 432 1428 his
458 1387 585 1428 terris
612 1387 772 1429 milites
801 1402 913 1441 suos,
946 1386 1261 1428 commilitones
1288 1388 1465 1441 vestros,
1496 1401 1580 1428 neu
1605 1401 1695 1428 rem

129 1445 347 1500 publicam
379 1446 521 1500 patiar
552 1446 751 1500 inultam,
784 1450 825 1488 et
859 1461 978 1488 suam
1005 1445 1277 1499 disciplinam
1304 1460 1462 1500 suaque
1494 1446 1695 1487 instituta

131 1505 252 1559 sequi
278 1505 428 1546 iubent
454 1507 496 1546 et
529 1507 576 1545 ut
607 1505 797 1559 imperiis
825 1506 1018 1546 vivorum
1044 1519 1169 1546 nemo
1195 1503 1491 1546 oboedientior
1515 1519 1582 1545 me
1608 1519 1694 1546 uno
1722 1518 1740 1548 7

130 1563 272 1617 fuerit,
305 1564 367 1605 ita
400 1567 498 1617 post
530 1567 711 1606 mortem
743 1579 876 1617 suam,
909 1563 1020 1619 quod
1048 1564 1092 1604 in
1119 1577 1284 1617 quaque
1311 1578 1355 1604 re
1379 1563 1570 1605 facturos
1596 1564 1694 1605 illos

180 1695 234 1726 18.
260 1692 468 1737 expuymrri
487 1692 624 1737 castra]
646 1691 812 1736 hi'tufiger
828 1692 875 1726 ist
999 1696 1030 1726 3.
1057 1695 1206 1726 restrcmz
1236 1719 1242 1724 .
1272 1719 1278 1724 .
1306 1691 1433 1736 ricem]
1461 1690 1697 1725 adverbialer

131 1739 192 1774 bei
223 1739 332 1781 facile
364 1744 413 1773 est
445 1738 511 1772 der
543 1739 665 1773 active
701 1739 876 1781 Infinitiv,

130 1785 228 1821 doch
247 1785 315 1820 hat
336 1785 412 1819 Liv.
435 1786 543 1827 (auch
566 1785 656 1829 Cic.)
677 1786 878 1821 vereinzelt

131 1834 204 1868 den
235 1833 322 1866 Ace.
357 1844 386 1867 e.
420 1832 484 1866 inf.
521 1833 684 1867 (lai-nach
723 1835 877 1878 gesetzt‚

131 1893 159 1915 z.
192 1881 232 1916 B.
267 1879 331 1922 22,
360 1884 399 1923 8,
427 1885 447 1915 5
481 1892 545 1914 vec
569 1881 678 1923 facile
708 1886 785 1916 erat
814 1885 879 1916 aut

129 1929 299 1963 mmtium
328 1932 393 1962 aut
420 1928 557 1962 litteras
576 1929 682 1963 mitti.
720 1928 780 1971 41,
802 1932 835 1971 3,
858 1933 876 1963 7

129 1976 245 2020 recipi
271 1976 420 2018 (castra)
447 1976 557 2017 facile
582 1986 663 2010 csse.

182 2028 236 2057 19.
263 2022 500 2067 successisset]
524 2022 616 2056 eben
637 2032 676 2056 so
697 2022 757 2064 24,
779 2026 834 2065 38,
857 2027 876 2057 3

128 2071 260 2113 fraudi
275 2080 407 2113 parum
429 2071 604 2112 succedit,
627 2070 722 2103 auch
742 2070 780 2103 in
797 2080 877 2114 per-

132 2116 320 2151 senlicher
353 2115 494 2150 Constr.
527 2116 594 2159 24,
630 2120 687 2159 19,
716 2122 736 2151 6
768 2128 879 2161 neque

128 2166 221 2200 satis
246 2165 425 2207 inceptum
452 2165 670 2199 succedebat.

177 2212 346 2255 adflictas
356 2211 427 2255 res]
447 2210 522 2245 ‘die
533 2210 739 2255 bedrangte
750 2210 876 2256 Lage',

128 2262 150 2301 ἓ
179 2264 195 2292 1
223 2257 321 2292 noch
348 2257 494 2292 starker
519 2258 781 2303 ausgedriickt.

179 2310 255 2348 aut,
281 2306 313 2340 si
332 2306 464 2349 pulsus
488 2306 590 2350 esset]
615 2306 720 2340 ‘oder
739 2305 877 2350 wenig-

132 2353 245 2395 stens,
278 2362 387 2386 wenn
419 2363 458 2386 er
489 2353 598 2386 auch’
630 2381 636 2386 .
666 2381 672 2387 .
701 2368 726 2394 .;
764 2354 797 2387 si
828 2352 877 2387 im

133 2398 245 2433 Sinne
259 2409 332 2432 von
352 2400 504 2441 etiamsi,
525 2399 595 2433 wie
616 2400 682 2433 das
704 2399 877 2444 folgende

131 2450 252 2481 tumen
279 2445 386 2489 zeigt.

180 2493 241 2534 38,
265 2497 294 2527 1.
322 2494 395 2527 iam
416 2504 489 2527 ‘non
503 2504 590 2527 suae
608 2494 778 2536 fortunae
797 2504 878 2528 con-

131 2540 274 2586 silium]
304 2539 385 2573 ‘der
405 2539 506 2581 Plan,
534 2540 600 2573 der
624 2540 759 2573 berc-its
780 2539 880 2573 ihrer

134 2587 234 2631 Lage
263 2586 496 2631 (cigentlich)
530 2586 633 2620 nicht
665 2587 770 2620 mehr
803 2589 879 2621 ent-

135 2634 344 2679 spre‘chend
362 2635 486 2667 wstro’.
525 2645 611 2668 suae
630 2633 777 2667 bczieht
799 2633 879 2667 sich

135 2681 204 2715 auf
219 2681 286 2715 das
308 2693 350 2714 zu
365 2682 595 2725 perturbaret
614 2691 679 2714 aus
700 2680 784 2715 dem
799 2680 880 2714 Fol-

135 2729 283 2773 genden
298 2740 340 2762 zu
355 2728 584 2771 ergiinzende
596 2727 730 2771 Object
740 2729 879 2762 milites.

183 2780 215 2810 2.
254 2776 464 2820 sollicitum]
507 2775 766 2819 ‘sorgenvoll',
810 2774 880 2809 wic

136 2822 202 2864 29,
236 2827 298 2866 23,
334 2829 348 2857 1
391 2834 468 2857 cum
507 2823 697 2857 sollicitam
736 2822 879 2856 hiemem

137 2871 290 2915 eyissem
313 2870 388 2904 und
415 2871 518 2903 sonst
545 2869 609 2903 oft.

951 1738 1038 1772 Ace.
1060 1755 1104 1767 =
1127 1738 1191 1772 ‘an
1209 1737 1408 1772 Jemandes
1431 1737 1575 1780 Stelle’,
1597 1738 1695 1771 daun

953 1785 1030 1819 ‘uin
1047 1785 1245 1819 Jemandes
1266 1785 1422 1827 willen’,
1449 1797 1477 1819 z.
1498 1785 1539 1819 B.
1557 1784 1617 1827 28,
1641 1789 1695 1827 19,

953 1837 994 1867 17
1014 1833 1162 1868 solliciti
1180 1833 1288 1867 vicem
1310 1833 1539 1877 imperatoris
1552 1833 1695 1867 milites.

951 1879 1017 1923 34,
1051 1883 1114 1922 32,
1142 1884 1162 1915 6
1194 1881 1409 1914 remittimus
1438 1880 1503 1914 hoc
1534 1880 1621 1921 tibi,
1652 1891 1697 1914 oze

951 1931 1109 1962 nostram
1132 1928 1243 1961 ricem
1259 1928 1435 1961 irascaris
1454 1938 1488 1960 u.
1504 1936 1543 1959 so
1559 1926 1694 1970 haufig.

999 1978 1030 2008 4.
1070 1974 1150 2020 ubi]
1184 1974 1366 2018 tempora]
1401 1991 1444 2002 =
1477 1985 1575 2015 cum,
1613 1973 1697 2007 dem

951 2026 1023 2056 tum
1053 2021 1342 2066 entsprechend3
1370 2021 1444 2065 vgl.
1476 2026 1529 2062 10,
1556 2024 1588 2054 8.

999 2073 1029 2103 6.
1051 2080 1119 2103 'mm
1139 2079 1186 2111 se,
1205 2080 1274 2103 ‘neu
1293 2097 1298 2102 .
1315 2097 1322 2103 .
1342 2068 1488 2114 milites]
1505 2067 1697 2112 abhangig

952 2126 1023 2150 von
1040 2115 1161 2150 einem
1173 2115 1330 2159 Begriffe
1343 2115 1408 2149 des
1423 2114 1616 2157 Mahnens,
1632 2115 1697 2149 der

950 2162 1011 2197 bei
1043 2164 1203 2197 esccitcmt
1233 2174 1357 2197 sonmo
1391 2162 1697 2196 hinzuzudenken

952 2210 1011 2244 ist.
1067 2222 1137 2245 ileu
1165 2238 1171 2244 .
1203 2238 1209 2244 .
1236 2222 1307 2244 neu
1344 2209 1394 2244 ist
1433 2209 1514 2244 eine
1553 2209 1696 2244 seltene

952 2257 1197 2302 Verbindung
1217 2258 1309 2291 statt
1328 2269 1372 2291 ‘ne
1395 2285 1401 2291 .
1424 2285 1430 2291 .
1449 2268 1520 2291 neu
1545 2256 1635 2291 oder
1653 2268 1697 2291 oze

951 2309 1016 2339 (cut
1037 2332 1043 2338 .
1068 2333 1073 2338 .
1095 2309 1179 2347 aut,-
1206 2304 1279 2348 vgl.
1296 2304 1435 2347 jedoch
1456 2304 1558 2338 Caes.
1580 2303 1644 2337 BG
1664 2304 1696 2345 7,

954 2357 1007 2394 14,
1036 2356 1068 2393 9,
1101 2351 1178 2385 Liv.
1206 2351 1272 2392 30,
1300 2356 1360 2393 37,
1388 2356 1409 2385 4
1443 2350 1516 2384 und
1549 2350 1621 2384 Cic.
1651 2350 1696 2383 de

952 2399 1010 2433 off.
1040 2399 1078 2441 1,
1108 2403 1171 2432 141
1200 2403 1239 2432 ut
1265 2409 1349 2432 nere
1373 2398 1490 2432 maior
1520 2408 1604 2432 ‘nez-e
1631 2398 1696 2431 oni-

951 2457 1019 2481 nor
1044 2457 1132 2479 cura
1159 2449 1191 2479 et
1217 2455 1326 2488 opera
1351 2445 1584 2488 suscipiam:

995 2503 1062 2537 per
1087 2496 1163 2526 octo
1189 2491 1321 2536 annos]
1349 2503 1375 2525 s
1403 2502 1444 2524 zu
1472 2496 1532 2533 36,
1563 2495 1616 2526 14.

1001 2543 1032 2573 7.
1059 2539 1148 2584 iatzo]
1177 2538 1227 2572 ist
1253 2549 1315 2571 zur
1334 2537 1591 2581 Verstiirkung
1617 2537 1696 2571 hin-

953 2585 1129 2630 zugefiigt
1160 2585 1229 2619 wie
1259 2584 1320 2619 bei
1353 2585 1437 2619 dem
1473 2584 1696 2629 Super-lativ,

953 2633 1008 2667 als
1035 2644 1142 2666 wenn
1169 2634 1302 2675 gesagt
1334 2635 1449 2666 ware:
1482 2637 1521 2666 ut
1554 2633 1638 2676 imp.
1664 2644 1696 2667 v.

952 2691 1014 2725 esst)
1045 2691 1141 2714 imus
1172 2681 1329 2713 omilium
1366 2680 1698 2714 oboedientissimus

953 2728 1094 2770 sioerim.

1001 2774 1097 2818 illos]
1117 2773 1182 2807 der
1193 2771 1449 2806 Deeutlichkeit
1462 2784 1591 2816 wegen
1605 2775 1695 2806 statt

954 2832 989 2855 se
1001 2822 1160 2864 gos-*tzt2
1176 2831 1254 2853 zum
1271 2819 1481 2854 mindesten
1495 2819 1598 2854 hatte
1613 2830 1697 2854 man

954 2869 1052 2911 ips-os
1078 2869 1258 2900 usu-artoet.
