1882 3163
129 264 172 294 16

130 382 171 411 17

128 557 170 587 18

128 734 169 765 19

127 1089 168 1119 21

127 1325 146 1354 tv

153 1326 169 1354 [v

125 1502 168 1534 23

202 99 254 139 1ss
739 96 884 133 LIBER
909 98 1020 132 XXV.
1062 97 1162 133 CAP.
1191 103 1221 134 6.

1559 117 1585 134 a.
1605 116 1634 134 u.
1656 116 1680 133 c.
1700 109 1763 135 542.

199 195 329 235 semel
361 197 520 236 navata
549 194 611 236 rei
643 194 840 248 publicae
872 207 1004 248 opera
1034 196 1078 235 et
1114 208 1198 236 uno
1236 193 1349 237 felici
1386 195 1550 248 proelio
1591 209 1763 249 recupe-

198 256 365 294 rarunt:
409 267 534 295 nemo
574 268 722 295 eorum
761 253 980 308 relegatus
1025 253 1071 294 in
1116 254 1289 294 exilium
1335 256 1417 307 est,
1461 253 1622 295 nemini
1666 268 1762 308 spes

199 312 413 353 emerendi
446 312 659 366 stipendia
686 312 898 366 adempta,
922 311 1059 353 hostis
1086 312 1267 366 denique
1294 315 1360 353 est
1387 312 1523 366 datus,
1555 327 1653 354 cum
1680 326 1763 366 quo

201 370 450 412 dimicantes
483 373 557 412 aut
588 372 721 419 vitam
761 371 891 412 semel
929 373 1004 412 aut
1040 371 1323 426 ignominiam
1362 370 1552 412 finirent:
1580 394 1635 400 —-
1671 385 1763 425 nos,

198 429 364 483 quibus,
395 430 481 470 nisi
513 429 624 484 quod
658 430 971 482 commisimus,
1003 432 1051 470 ut
1083 430 1310 484 quisquam
1343 443 1392 471 ex
1425 427 1640 471 Cannensi
1673 430 1763 471 acie

199 488 320 529 miles
340 488 561 530 Romanus
595 491 848 542 superesset,
878 488 988 530 nihil
1021 489 1132 530 obici
1165 491 1318 542 potest,
1349 503 1438 530 non
1465 489 1603 530 solum
1634 502 1659 529 a
1690 503 1763 543 pa—

198 547 280 587 tria
312 548 460 601 procul
492 547 705 602 Italiaque
743 547 817 588 sed
855 548 908 597 ab
947 547 1071 589 hoste
1111 548 1238 588 etiam
1271 547 1452 602 relegati
1485 562 1651 601 sumus,
1688 547 1763 588 ubi

199 620 467 647 senescamus
500 607 545 647 in
578 606 724 660 exilio,
761 621 815 647 ne
848 620 932 659 qua
963 620 1079 672 spes,
1119 621 1172 647 ne
1212 621 1296 660 qua
1328 607 1495 648 occasio
1528 606 1763 647 abolendae

198 665 472 719 ignominiae,
498 680 552 707 ne
579 680 663 720 qua
689 641 925 731 placandae
952 665 1108 706 civium
1134 665 1236 718 irae,
1262 679 1316 706 ne
1343 679 1426 719 qua
1453 665 1633 719 denique
1653 665 1762 706 bene

198 724 407 765 moriendi
440 725 508 766 sit.
568 739 706 779 neque
738 724 999 779 ignominiae
1031 724 1160 764 finem
1198 738 1276 765 nec
1313 724 1484 765 virtutis
1526 723 1764 777 praemium

196 784 397 835 petimus:
441 783 567 824 modo
606 783 789 837 experiri
832 782 1021 823 animum
1063 785 1105 823 et
1145 783 1347 824 virtutem
1389 797 1582 824 exercere
1623 782 1763 824 liceat.

196 841 389 883 laborem
422 845 464 883 et
495 843 732 896 periculum
763 842 968 895 petimus,
999 842 1048 881 ut
1079 841 1286 895 vir0r,um
1322 844 1371 883 ut
1401 842 1586 883 militum
1618 840 1763 883 officio

198 900 438 955 fungamur.
489 901 649 942 bellum
680 901 725 941 in
747 899 893 942 Sicilia
924 900 1011 940 iam
1045 900 1227 941 alterum
1259 913 1419 941 annum
1449 901 1615 955 ingenti
1641 899 1765 941 dimi-

198 959 364 1001 catione
397 961 577 1014 geritur3
614 960 741 1000 urbes
780 959 885 999 alias
918 958 1098 1011 Poenus,
1132 959 1238 1000 alias
1270 958 1490 1000 Romanus
1523 961 1762 1025 expugnat,

198 1018 390 1071 peditum
417 1019 607 1072 equitum
635 1018 748 1060 acies
775 1019 1053 1071 concur3runt
1088 1017 1140 1058 ad
1168 1016 1402 1072 Syracusas
1428 1020 1544 1059 terra
1568 1018 1761 1072 marique

198 1077 360 1131 geritur
391 1092 477 1132 res3
517 1078 749 1118 clamorem
787 1076 1077 1131 pugnantium
1116 1076 1407 1131 crepitumque
1446 1091 1662 1118 armorum
1695 1090 1762 1116 ex-

198 1136 393 1177 audimus
426 1136 585 1178 resides
617 1136 702 1189 ipsi
735 1150 784 1177 ac
810 1149 977 1190 segnes,
1006 1137 1229 1189 tamquam
1255 1149 1333 1177 nec
1359 1150 1513 1176 manus
1539 1149 1618 1176 nec
1644 1149 1764 1176 arma

196 1194 442 1236 habeamus.
495 1209 715 1236 servorum
746 1195 988 1249 legionibus
1021 1193 1085 1235 Ti.
1118 1193 1396 1248 Sempronius
1429 1195 1578 1236 consul
1602 1193 1763 1235 totiens

197 1253 283 1294 iam
317 1269 412 1295 cum
444 1254 569 1296 hoste
609 1254 743 1309 signis
782 1254 964 1294 conlatis
1005 1253 1233 1308 pugnavit,
1273 1267 1427 1308 operae
1467 1253 1652 1307 pretium
1688 1252 1765 1294 ha-

152 1333 158 1338 ·
199 1313 301 1353 bent
332 1313 577 1354 libertatem
610 1313 932 1367 civitatemque:
962 1336 1011 1341 -—
1040 1326 1117 1365 pro
1151 1312 1282 1353 servis
1311 1313 1464 1353 saltem
1491 1312 1544 1353 ad
1569 1312 1651 1353 hoc
1676 1311 1763 1352 bel-

196 1371 284 1412 lum
312 1372 467 1426 emptis
488 1372 610 1413 vobis
633 1372 779 1425 simus,
806 1371 1009 1426 congredi
1036 1384 1130 1412 cum
1157 1370 1280 1412 hoste
1307 1371 1434 1412 liceat
1460 1373 1503 1412 et
1527 1370 1758 1425 pugnando

198 1445 397 1484 quaerere
429 1431 685 1472 libertatem.
740 1430 804 1471 vis
837 1433 884 1471 tu
916 1430 1038 1483 mari,
1069 1430 1132 1471 vis
1164 1432 1291 1483 terra,
1321 1430 1524 1480 vis-acie,
1554 1430 1618 1471 vis
1650 1428 1764 1470 urbi-

196 1489 275 1530 bus
317 1490 617 1545 oppugnandis
662 1489 844 1544 experiri
887 1488 1121 1530 virtutem?
1190 1490 1427 1542 asperrima
1471 1502 1663 1543 quaeque
1710 1487 1764 1529 ad

197 1548 390 1590 laborem
421 1549 742 1603 periculumque
775 1548 1057 1603 deposcimus,
1089 1549 1148 1601 ut,
1180 1547 1292 1602 quod
1326 1547 1379 1589 ad
1406 1545 1577 1588 Cannas
1602 1546 1763 1588 faciun-

246 1680 299 1710 16.
326 1677 504 1711 emerendi
523 1678 626 1720 stip&
628 1676 721 1722 zdia]
744 1675 812 1709 wir
829 1686 943 1728 sagen

200 1722 316 1757 ‘seine
347 1723 459 1758 Jahre
492 1723 705 1765 abdienen',
744 1723 870 1767 11111Ηὲ
905 1722 944 1756 in

198 1770 263 1804 der
288 1769 397 1804 Form
428 1772 582 1805 emeritis
608 1771 799 1815 stipendiis
831 1773 874 1814 (Z.
902 1770 942 1804 B.

196 1817 256 1860 21,
278 1821 333 1859 43,
357 1820 425 1861 10),
452 1817 608 1852 wonach
635 1818 694 1851 die
720 1819 843 1852 missio
869 1817 942 1860 (26,

199 1869 229 1907 1,
250 1866 287 1907 8)
308 1864 472 1907 eintritt,
499 1864 564 1909 vgl
597 1869 650 1907 19,
669 1869 711 1900 10
725 1866 944 1909 perfunctus

195 1912 340 1946 militia.

242 1959 361 2004 semel]
393 1959 468 1992 ‘ein
493 1958 552 1992 fiir
578 1959 651 1993 alle
677 1958 782 1993 Mal’.

247 2010 299 2039 17.
326 2006 530 2051 quisqucwz]
562 2006 790 2051 ‘iiberhaupt
810 2005 939 2048 einer’,

196 2051 266 2085 mit
292 2052 518 2097 Andeutung
545 2053 609 2086 des
642 2053 844 2098 negativen
872 2052 941 2087 Ge-

197 2098 363 2132 dankens
387 2100 487 2133 ‘man
508 2100 713 2144 verlangte,
729 2101 813 2134 dass
835 2100 940 2134 fiber-

196 2145 316 2189 haupt
342 2157 407 2189 gar
426 2146 556 2180 keiner
575 2147 685 2191 iibrig
704 2147 842 2189 blieb'3
863 2147 938 2191 vgl.

197 2192 231 2234 3,
248 2196 302 2234 38,
319 2197 338 2227 9
359 2194 519 2228 hostibus
542 2195 700 2238 qratiam
725 2195 939 2237 habendam,

196 2241 291 2284 quod
316 2241 460 2274 solitum
485 2242 677 2285 quiequam
703 2241 834 2276 liberae
855 2242 940 2274 civi-

197 2287 267 2321 tan·
290 2288 388 2329 fieret
410 2304 451 2315 =
475 2286 702 2332 ‘uberhaupt
722 2288 848 2329 etwas,
869 2298 940 2322 we-

197 2333 366 2377 nigstens
393 2335 536 2368 etwas’.

245 2393 268 2414 a
288 2382 417 2425 patria
436 2382 581 2426 procul]
604 2382 736 2425 procul
756 2381 855 2415 kann
882 2381 941 2414 fiir

197 2428 271 2461 alle
304 2427 383 2462 drei
415 2428 833 2473 Localbezeichnungen
864 2428 939 2462 ein-

199 2474 329 2509 stehen
347 2475 423 2509 und
444 2475 587 2509 sowohl
610 2476 690 2510 ‘aus
711 2476 776 2510 der
793 2475 938 2518 Ferne',

198 2520 252 2554 als
275 2521 330 2555 ‘in
344 2521 409 2556 der
422 2521 552 2557 Ferne'
568 2523 644 2556 und
664 2523 718 2557 ‘in
733 2522 792 2557 die
807 2522 937 2558 Ferne'

198 2567 394 2604 bcdeuten.

245 2616 408 2661 releyati]
431 2628 458 2651 s.
480 2628 523 2650 zu
544 2621 599 2659 41,
622 2621 652 2651 3.
680 2616 770 2651 Hier
790 2616 841 2651 ist
859 2616 939 2650 hin-

198 2662 391 2707 zugefi'igt,
428 2675 502 2697 von
534 2675 590 2698 wo
625 2664 685 2698 die
717 2663 941 2708 Relegation

198 2708 349 2753 erfolgt3
391 2711 557 2755 h‘aufiger
594 2710 644 2745 ist
681 2710 741 2744 die
773 2710 940 2755 Angabe,

199 2756 323 2789 wohin
344 2756 496 2800 jemand
523 2757 687 2792 entiernt
711 2758 804 2792 wird
832 2760 864 2802 (ξ
886 2762 939 2793 16.

199 2805 231 2841 5,
260 2805 327 2845 10),
359 2804 435 2837 und
461 2804 540 2838 dies
567 2805 617 2839 ist
651 2805 745 2839 auch
771 2804 852 2839 hier
878 2816 939 2839 an-

199 2848 386 2892 gedeutet,
414 2851 461 2884 da
485 2853 549 2886 ubi
576 2869 619 2881 =
645 2856 687 2887 ut
711 2853 765 2886 ibi
789 2852 849 2886 ist.

1064 1678 1120 1708 20.
1163 1673 1331 1718 alterum]
1371 1673 1431 1707 die
1471 1672 1762 1707 Gesandtschaft

1015 1720 1104 1754 kam
1129 1721 1233 1755 Ende
1261 1721 1325 1755 des
1352 1719 1383 1755 J.
1411 1724 1478 1755 213
1506 1733 1539 1755 v.
1568 1719 1668 1763 chin,
1697 1720 1763 1754 der

1016 1767 1169 1802 Bericht
1189 1768 1254 1802 des
1271 1767 1468 1802 Marcellus
1489 1779 1536 1801 an
1556 1767 1629 1802 den
1649 1767 1762 1802 Senat

1017 1814 1172 1859 gelangt
1210 1816 1286 1849 erst
1322 1814 1418 1849 nach
1456 1814 1568 1857 Rom,
1607 1814 1662 1848 als
1701 1814 1761 1849 die

1016 1873 1136 1896 neuen
1158 1861 1321 1896 Consuln
1341 1862 1458 1896 sehon
1477 1862 1643 1906 gewahlt
1660 1861 1761 1905 sind3

1017 1920 1043 1944 s,
1073 1914 1103 1951 7,
1130 1913 1162 1944 2.

1056 1957 1222 2001 peditum
1253 1955 1426 2001 equitum]
1463 1955 1759 2000 zweigliedriges

1013 2003 1244 2047 Asyndeton‚
1267 2003 1331 2037 das
1352 2002 1413 2037 bei
1428 2002 1685 2047 Gegensatzen
1706 2002 1762 2037 oft

1013 2062 1088 2085 von
1108 2050 1185 2085 Liv.
1207 2050 1434 2094 angewandt
1459 2049 1563 2092 wird,
1589 2062 1617 2084 z.
1638 2049 1677 2084 B.
1699 2050 1759 2092 26,

1017 2102 1070 2140 13,
1100 2101 1141 2132 18
1168 2098 1288 2132 oculos
1316 2098 1420 2132 cmo-is
1449 2109 1472 2131 a
1500 2098 1666 2132 videndis
1694 2109 1758 2131 ccu-

1013 2145 1224 2188 (nemusque
1258 2145 1424 2179 omnibus
1462 2145 1601 2178 acerbis
1636 2144 1756 2179 viudi-

1013 2192 1118 2226 cubit.
1176 2191 1242 2234 28,
1277 2195 1336 2233 13,
1371 2195 1390 2225 5
1429 2191 1588 2226 ewercz'tu
1624 2192 1758 2225 civium

1014 2249 1190 2273 soczorum
1216 2249 1249 2271 u.
1271 2248 1302 2272 a.

1061 2288 1116 2319 21.
1154 2284 1302 2329 resides]
1337 2283 1423 2318 weil
1459 2283 1561 2318 diese
1601 2294 1758 2318 cannen-

1014 2331 1163 2365 sischen
1188 2330 1378 2375 Legionen
1405 2331 1478 2374 (26,
1505 2334 1560 2373 28,
1590 2335 1631 2365 11
1661 2331 1753 2366 Oan-

1012 2389 1137 2413 nenses
1156 2379 1297 2420 milites,
1318 2379 1488 2421 duarum,
1514 2379 1633 2414 instar
1653 2379 1760 2423 leyio—

1011 2428 1113 2469 uum)
1140 2425 1191 2459 im
1218 2424 1652 2459 Garnisonwachtdienst
1677 2433 1756 2459 Ver-

1014 2473 1140 2506 wandt
1165 2472 1318 2506 wurden
1349 2472 1423 2506 und
1457 2483 1497 2506 so
1530 2484 1591 2505 zur
1616 2471 1757 2506 Unth'a-

1014 2519 1155 2564 tigkeit
1179 2519 1403 2554 verurtheilt
1428 2529 1560 2553 waren.

1061 2571 1116 2601 22.
1137 2577 1304 2611 quaerere
1324 2567 1535 2611 libertatem]
1559 2577 1586 2600 s.
1602 2577 1645 2599 zu
1659 2569 1678 2607 ξ
1703 2570 1754 2600 11.

1059 2614 1212 2648 urbibus
1237 2613 1508 2658 oppuynaudis]
1532 2624 1558 2647 s.
1582 2624 1625 2646 zu
1645 2616 1701 2655 30,
1724 2617 1756 2647 6.

1061 2665 1116 2695 23.
1138 2661 1187 2696 ad
1207 2660 1378 2705 laborem]
1400 2660 1449 2694 ad
1469 2659 1528 2693 die
1542 2658 1758 2703 Beziehung

1013 2707 1290 2749 ausclri'ickend,
1323 2706 1362 2741 in
1395 2705 1554 2740 welcher
1579 2706 1644 2740 das
1670 2705 1754 2750 Adj.

1014 2755 1108 2789 statt
1133 2754 1215 2795 hat,
1244 2753 1299 2788 oft
1323 2752 1385 2788 bei
1410 2752 1501 2795 Liv.,
1528 2765 1555 2787 z.
1577 2752 1616 2787 B.
1638 2756 1694 2796 38,
1712 2757 1756 2787 14

1013 2801 1089 2835 und
1114 2801 1174 2844 24,
1202 2805 1256 2844 13,
1287 2804 1327 2835 11
1359 2800 1502 2845 sequior
1533 2800 1583 2834 ad
1614 2801 1755 2834 creden-

1013 2849 1110 2883 dum.
1149 2847 1208 2889 26,
1237 2851 1291 2889 16,
1319 2851 1339 2881 3
1360 2858 1434 2890 par
1459 2847 1508 2881 ad
1532 2847 1708 2882 virtutem.
