1882 3163
643 727 847 800 ΤΙΤΙ
901 726 1150 800 LIVII

562 854 652 901 AB
691 854 877 901 URBE
918 853 1232 901 CONDITA

751 992 897 1027 LIBER
915 991 1048 1027 XXIII.

234 1113 399 1155 Praeda
418 1111 638 1154 Hannibal
657 1115 756 1167 post
776 1111 1047 1155 Cannensem
1073 1125 1264 1167 pugnam
1291 1112 1417 1165 capta
1443 1125 1491 1152 ac
1518 1110 1684 1164 direpta
1701 1112 1723 1152 1

116 1172 346 1215 confestim
372 1186 423 1213 ex
449 1171 608 1226 Apulia
633 1172 678 1213 in
704 1171 926 1214 Samnium
953 1173 1163 1224 moverat,
1195 1170 1356 1212 accitus
1396 1170 1442 1211 in
1476 1168 1683 1223 Hirpinos

118 1247 142 1273 a
169 1230 308 1274 Statio
337 1231 481 1272 Trebio
507 1231 739 1284 pollicente
766 1245 810 1272 se
838 1229 1068 1285 Compsam
1094 1229 1364 1271 traditurum.
1415 1227 1683 1283 Compsanus
1704 1239 1724 1270 2

116 1292 210 1332 erat
236 1289 433 1343 Trebius,
463 1290 623 1331 nobilis
650 1290 760 1332 inter
794 1304 911 1343 suos3
945 1289 1019 1330 sed
1044 1289 1267 1343 premebat
1293 1303 1389 1329 eum
1414 1287 1683 1342 Mopsiorum

115 1349 258 1403 factio,
289 1349 479 1390 familiae
512 1363 587 1403 per
613 1349 801 1403 gratiam
827 1348 1123 1390 Romanorum
1150 1348 1354 1401 potentis.
1398 1350 1496 1401 post
1521 1347 1683 1388 famam
1705 1358 1724 1389 3

117 1407 356 1450 Cannensis
401 1421 572 1463 pugnae
617 1408 925 1463 volgatumque
964 1406 1095 1448 Trebi
1137 1407 1407 1448 sermonibus
1453 1406 1685 1447 adventum

116 1466 374 1509 Hannibalis
408 1481 502 1508 cum
535 1466 752 1521 Mopsiani
790 1467 941 1508 urbem
979 1466 1281 1520 excessissent,
1320 1465 1410 1507 sine
1451 1465 1683 1506 certamine

115 1526 276 1567 tradita
295 1526 397 1567 urbs
416 1525 560 1568 Poeno
580 1526 927 1581 praesidiumque
948 1527 1169 1579 acceptum
1190 1527 1267 1566 est.
1298 1525 1358 1566 ibi
1377 1523 1538 1578 praeda
1565 1524 1685 1566 omni
1704 1535 1726 1566 4

119 1588 247 1640 atque
261 1585 562 1639 inpedimentis
574 1585 733 1627 relictis
755 1585 942 1627 exercitu
962 1584 1124 1638 partito
1139 1583 1371 1638 Magonem
1390 1583 1578 1638 regionis
1594 1582 1684 1624 eius

115 1644 244 1686 urbes
266 1647 341 1685 aut
361 1643 597 1686 deficientis
619 1644 673 1685 ab
694 1644 902 1685 Romanis
923 1643 1112 1698 accipere
1134 1645 1209 1684 aut
1229 1642 1512 1684 detractantis
1533 1655 1685 1698 cogere

165 1770 269 1816 Kap.
313 1771 349 1807 1.
401 1771 633 1806 Hannibal
677 1772 863 1806 besetzt

119 1819 307 1862 Compsa
326 1819 414 1852 und
434 1819 587 1854 macht
607 1819 740 1853 einen
764 1830 863 1853 ver-

118 1866 365 1910 geblichen
380 1864 566 1910 Angriff
585 1865 862 1910 aqueapel.

119 1913 236 1947 Zona
247 1925 274 1946 r.
303 1916 334 1954 9,
362 1916 393 1947 2.

169 1964 199 1994 1.
232 1959 444 2004 Hannibal]
486 1958 556 1993 Zur
588 1958 865 2004 XVortstellung

121 2007 194 2052 vgl.
222 2010 278 2049 21,
299 2010 356 2048 31,
377 2010 397 2040 9
417 2006 551 2040 sedatis
569 2006 766 2040 Hannibal
792 2016 864 2040 cer-

120 2054 320 2090 taminibus
329 2053 565 2097 Allobroyum
576 2064 655 2088 eum
669 2055 744 2088 iam
753 2054 865 2097 Alpes

114 2104 265 2146 peteret,
301 2111 375 2135 non
410 2104 505 2135 recta
538 2101 682 2144 reyioue
713 2101 781 2135 iter
806 2101 863 2134 2⁷72-

118 2149 249 2183 stituit.

167 2199 277 2240 capta
290 2206 333 2230 ac
347 2195 507 2240 direpta]
518 2195 635 2229 selten
651 2194 719 2229 mit
723 2195 864 2239 praeda

119 2242 343 2278 verbunden.
395 2242 515 2287 Capta
560 2243 636 2276 trat
675 2242 735 2276 ein
774 2243 866 2276 stau:

114 2293 238 2334 parta.
267 2289 351 2323 weil
378 2289 438 2324 die
465 2289 579 2324 Beute
607 2289 721 2323 sehon
748 2289 864 2324 durch

119 2337 179 2371 die
218 2336 395 2371 Schlacht
441 2338 671 2380 ‚,errungen“
719 2336 863 2379 wurde3

119 2383 194 2428 vgl.
226 2383 319 2428 Nep.
350 2387 404 2425 14,
432 2388 487 2425 10,
520 2387 540 2417 2
573 2394 725 2427 maynas
754 2394 864 2427 prae-

119 2431 187 2466 das
213 2432 321 2474 capit.
374 2430 425 2464 Zu
451 2431 595 2473 direpta
621 2430 694 2474 vgl.
724 2434 779 2473 22,
807 2433 862 2473 52,

121 2481 142 2511 5
174 2478 289 2512 omnis
324 2480 438 2512 cetera
475 2478 618 2520 praeda
653 2478 865 2521 diripienda

121 2525 210 2560 data
229 2528 278 2559 est
299 2524 426 2568 (nami.
447 2524 655 2567 militibus),
678 2523 865 2558 Hannibal

121 2571 233 2606 nahm
260 2571 318 2605 fiir
344 2571 422 2605 sich
449 2581 553 2615 equos
586 2572 750 2615 virosque
775 2575 807 2606 et
833 2572 866 2606 si

121 2619 211 2664 quid
236 2619 378 2663 arqenti
404 2622 522 2661 (erat).

169 2665 341 2711 moverat]
366 2681 408 2693 =
424 2665 609 2709 profectus
627 2667 713 2699 erat.
742 2664 868 2698 Livius

123 2712 282 2747 braucht
306 2723 442 2747 movere
481 2710 536 2745 oft
569 2710 779 2746 intransitiv
808 2712 868 2755 (st.

125 2762 245 2794 castra
270 2760 431 2803 movere).

173 2805 372 2852 Hirpinos]
425 2805 492 2839 Die
539 2805 642 2849 Hirp.
690 2805 869 2848 (benannt

128 2852 224 2886 nach
259 2852 343 2888 (lem
379 2852 524 2887 samnit.
564 2851 690 2886 Worte
730 2852 869 2896 hirpus,

127 2897 244 2942 Wolf)
275 2899 442 2934 bildeten
475 2911 539 2934 vor
571 2899 636 2933 der
664 2898 868 2933 Unterwer-

197 2963 303 2990 Livius
325 2965 356 2989 B.
372 2966 413 2990 23.

937 1771 1028 1815 sung
1064 1769 1274 1805 Samniums
1305 1771 1414 1805 unter
1452 1770 1511 1804 die
1549 1770 1685 1804 Romer

938 1817 1046 1852 einen
1073 1817 1137 1852 der
1173 1817 1251 1852 vier
1284 1817 1387 1852 Gaue
1419 1817 1483 1851 des
1517 1817 1684 1851 samniti-

938 1865 1051 1899 schen
1076 1864 1235 1898 Bundes.
1258 1884 1299 1889 —
1323 1864 1527 1909 Compsam]
1555 1864 1593 1897 in
1621 1864 1685 1898 der

939 1911 1044 1946 N'ahe
1072 1911 1136 1945 der
1164 1911 1321 1953 Quellen
1357 1911 1420 1945 des
1456 1910 1625 1954 Aufidus,
1655 1911 1683 1955 j.

940 1958 1071 1993 Coma.

987 2010 1018 2040 2.
1042 2005 1242 2051 premebat]
1282 2006 1397 2040 setzte
1433 2017 1495 2047 zu,
1520 2005 1684 2040 ‘machte

940 2052 1177 2096 Opposition3
1206 2053 1280 2097 vgl.
1303 2056 1359 2094 22,
1382 2056 1438 2095 59,
1462 2055 1502 2086 10
1524 2063 1587 2087 nec
1601 2063 1684 2096 pre—

938 2100 1064 2134 mendo
1090 2100 1205 2134 alium
1224 2110 1276 2134 me
1303 2100 1471 2134 eaetuzisse
1490 2100 1606 2143 velim,
1627 2103 1683 2142 22,

941 2151 1001 2190 12,
1042 2150 1084 2180 12
1123 2147 1319 2191 premendo
1355 2147 1576 2191 superiorem
1612 2157 1684 2182 sese

937 2194 1136 2229 extollebat.

986 2245 1018 2275 3.
1040 2245 1124 2286 post
1149 2241 1303 2286 famam]
1331 2241 1617 2285 ungewohnlich
1639 2242 1682 2275 st.

938 2288 987 2323 ad
1012 2289 1159 2331 famam.
1188 2309 1231 2313 —
1262 2288 1472 2333 Mopsiani]
1508 2286 1576 2322 Die
1611 2288 1684 2322 An-

938 2336 1092 2380 hanger,
1114 2335 1422 2380 Parteigenossen
1443 2336 1508 2369 der
1529 2335 1683 2378 Mopsii.

938 2402 981 2407 -—
1008 2382 1148 2428 urbem]
1177 2383 1238 2417 bei
1263 2383 1426 2417 excedere
1458 2381 1533 2416 und
1565 2382 1686 2427 eyredi

938 2430 1203 2474 (,‚verlassen“)
1235 2431 1328 2464 setzt
1352 2428 1478 2463 Livius
1506 2428 1684 2463 zuweilen

939 2478 1010 2512 den
1036 2478 1166 2512 Aecus.
1195 2478 1287 2511 statt
1312 2476 1376 2510 des
1397 2476 1589 2519 haufigern
1611 2475 1683 2509 Ab·

939 2523 1060 2559 lativs.

986 2575 1018 2605 4.
1060 2582 1171 2606 exerc.
1201 2571 1356 2615 partito]
1404 2570 1498 2604 ohne
1537 2568 1685 2613 Kopula

942 2618 1025 2653 dem
1058 2620 1179 2652 ersten
1214 2618 1296 2651 Abl.
1330 2617 1444 2651 absol.
1479 2615 1683 2661 beigeffigt‚

942 2665 1026 2699 weil
1064 2665 1278 2699 demselben
1316 2663 1598 2707 iibergeordnet.
1639 2683 1683 2689 —

945 2712 1156 2757 Blaqonem]
1194 2711 1300 2746 einen
1328 2711 1512 2755 jiingeren
1545 2710 1684 2744 Bruder

943 2760 1032 2803 (vgl.
1061 2759 1153 2802 Kap.
1186 2763 1239 2800 11,
1268 2759 1314 2801 7).
1337 2777 1378 2782 —
1401 2757 1576 2802 accipere]
1605 2757 1682 2792 scil.

942 2807 982 2840 in
1009 2806 1233 2840 deditionem.
1263 2825 1304 2830 —
1332 2804 1584 2849 detractantis]
1607 2815 1684 2849 erg.

942 2853 1088 2895 deficere
1127 2852 1214 2887 oder
1258 2851 1499 2894 defectionem.
1547 2872 1589 2876 —
1629 2862 1684 2886 co-

941 2900 1035 2945 yere]
1065 2899 1179 2934 durch
1207 2898 1456 2943 Belagerung:
1485 2903 1546 2942 34,
1577 2902 1635 2941 18,
1663 2903 1682 2932 2

1383 2962 1399 2992 l
