1882 3163
158 1338 201 1368 14
226 1326 347 1367 navis
386 1325 486 1380 egit.

156 1623 213 1665 32>

223 105 281 147 64
714 103 859 138 LIBER
884 103 995 138 XXV.
1037 102 1136 139 CAP.
1164 107 1221 140 31.
1249 108 1304 140 32.

177 213 197 244 8
224 203 262 245 si
295 215 455 244 servare
485 201 707 255 potuisset.

1579 121 1604 139 a.
1627 121 1655 140 u.
1678 121 1702 140 c.
1722 114 1782 141 542.

770 200 869 242 inde
900 202 1103 255 quaestor
1142 215 1239 243 cum
1269 200 1483 255 praesidio
1517 200 1570 242 ad
1604 200 1785 253 [Nasum

225 263 284 313 et]
332 260 623 315 accipiendam
669 260 895 314 pecuniam
943 260 1107 315 regiam
1158 259 1561 314 custodiendamque
1617 260 1785 302 missus.

227 320 468 364 Achradina
499 318 736 373 diripienda
766 319 896 360 militi
927 319 1028 360 data
1059 321 1123 360 est
1156 319 1402 360 custodibus
1435 319 1582 361 divisis
1608 333 1686 373 per
1711 319 1785 361 do-

178 390 197 420 9
225 393 317 421 mos
350 393 517 433 eorum,
551 378 622 433 qui
653 378 1014 433 intra‘praesidia
1045 378 1241 420 Romana
1277 378 1460 420 fuerant,

1522 392 1618 420 cum
1650 379 1786 420 multa

223 439 330 493 irae,
375 438 510 479 multa
555 437 761 479 avaritiae
797 437 922 479 foeda
972 438 1164 492 exempla
1215 437 1456 492 ederentur,
1498 437 1786 479 Archimeden

225 498 454 539 memoriae
485 496 703 551 proditum
735 499 801 539 est
825 497 871 538 in
895 499 1016 539 tanto
1037 497 1236 551 tumultu,
1257 499 1463 551 quantum
1481 510 1615 550 pavor
1634 499 1784 551 captae

225 557 344 598 urbis
377 556 423 597 in
455 555 648 597 discursu
680 556 972 611 diripientium
1005 556 1191 597 militum
1224 555 1332 597 ciere
1358 558 1539 610 poterat,
1570 556 1785 598 intentum

223 616 391 669 formis,
430 630 534 669 quas
572 615 616 656 in
652 615 826 669 pulvere
868 615 1169 670 descripserat,
1211 615 1263 657 ab
1302 615 1452 670 ignaro
1493 615 1647 669 milite,
1690 616 1783 670 quis

156 687 198 717 10
225 677 355 729 esset,
393 674 685 728 interfectum,
727 689 854 730 aegre
893 674 936 715 id
974 674 1224 716 Marcellum
1264 675 1416 716 tulisse
1458 674 1783 730 sepulturaeque

224 749 368 776 curam
405 734 600 775 habitam
637 736 679 775 et
715 734 966 800 propinquis
1006 734 1136 775 etiam
1173 733 1393 788 inquisitis
1433 732 1589 775 honori
1620 734 1785 788 praesi-

157 805 197 835 11
226 793 379 848 dioque
410 807 569 834 nomen
607 807 655 834 ac
687 793 941 834 memoriam
979 792 1068 834 eius
1099 792 1243 834 fuisse.

1304 792 1385 834 hoc
1423 807 1619 834 maxume
1657 792 1783 835 modo

228 851 460 907 Syracusae
493 854 662 906 captae,
695 852 740 892 in
773 852 925 906 quibus
951 851 1134 906 praedae
1159 853 1329 893 tantum
1354 851 1448 906 fuit,
1480 854 1689 906 quantum
1714 852 1784 894 vix

225 913 351 966 capta
384 909 645 966 Carthagine
677 912 770 952 tum
801 911 969 965 fuisset,
1009 924 1106 952 cum
1144 925 1228 964 qua
1264 911 1424 952 viribus
1463 911 1609 966 aequis
1651 914 1782 952 certa·
1837 934 1845 943 =

223 971 360 1012 batur.

344 1029 498 1071 Paucis
540 1030 638 1070 ante
677 1028 825 1070 diebus
863 1043 991 1083 quam
1029 1027 1265 1083 Syracusae
1298 1030 1566 1083 caperentur,
1603 1028 1652 1069 T.
1684 1028 1782 1070 Ota-

227 1089 346 1130 cilius
379 1103 474 1130 cum
507 1088 883 1142 quinqueremibus
911 1088 1130 1143 octoginta
1150 1086 1321 1129 Uticam
1348 1087 1400 1129 ab
1420 1087 1625 1142 Lilybaeo
1645 1090 1783 1129 trans-

158 1161 199 1191 13
225 1148 343 1189 misit
375 1150 417 1189 et
449 1162 545 1189 cum
577 1149 677 1189 ante
709 1147 846 1189 lucem
879 1149 1051 1202 portum
1076 1147 1292 1202 intrasset,
1324 1147 1538 1188 onerarias
1566 1146 1780 1189 frumento

227 1209 403 1248 onustas
437 1207 550 1261 cepit
581 1220 861 1262 egressusque
900 1206 945 1248 in
983 1209 1140 1247 terram
1180 1206 1461 1261 depopulatus
1493 1207 1559 1247 est
1591 1206 1783 1261 aliquan-

226 1268 318 1307 tum
359 1266 453 1321 agri
491 1267 603 1308 circa
638 1265 812 1308 Uticam
851 1266 1139 1321 praedamque
1189 1266 1328 1307 omnis
1368 1265 1534 1320 generis
1575 1267 1688 1307 retro
1730 1265 1784 1307 ad

546 1324 799 1379 Lilybaeum
835 1325 964 1366 tertio
998 1325 1079 1376 die,
1119 1339 1248 1379 quam
1287 1324 1384 1366 inde
1422 1324 1639 1378 profectus
1680 1327 1783 1379 erat,

228 1399 324 1426 cum
367 1386 538 1426 centum
585 1385 764 1439 triginta
810 1384 1016 1426 onerariis
1058 1384 1240 1425 navibus
1285 1384 1497 1426 frumento
1541 1383 1782 1439 praedaque

228 1444 393 1485 onustis
444 1443 571 1485 rediit
620 1443 747 1498 idque
798 1443 1062 1485 frumentum
1112 1443 1326 1497 extemplo
1372 1441 1605 1497 Syracusas
1653 1443 1783 1496 misit,

228 1562 467 1616 perniciosa
497 1562 632 1603 fames
664 1562 869 1603 instabat.

158 1515 200 1546 15
229 1504 340 1558 quod
365 1503 410 1544 ni
435 1505 524 1544 tam
550 1503 596 1544 in
618 1506 811 1557 tempore
833 1502 1109 1557 subvenisset,
1136 1503 1368 1544 victoribus
1388 1502 1596 1557 victisque
1621 1502 1782 1556 pariter

346 1621 509 1662 Eadem
543 1623 706 1662 aestate
738 1621 784 1662 in
814 1620 1046 1675 Hispania,
1078 1636 1170 1662 cum
1206 1620 1380 1661 biennio
1412 1620 1545 1661 ferme
1576 1619 1684 1661 nihil
1711 1619 1782 1660 ad-

227 1680 398 1722 modum
432 1680 708 1721 memorabile
740 1680 901 1721 factum
940 1683 1052 1721 esset
1089 1680 1361 1734 consiliisque
1393 1679 1530 1733 magis
1563 1693 1691 1733 quam
1718 1693 1781 1720 ar-

227 1740 308 1780 mis
354 1739 513 1780 bellum
553 1741 788 1794 gereretur,
836 1738 1020 1780 Romani
1063 1739 1345 1793 imperatores
1387 1738 1548 1792 egressi
1588 1737 1780 1779 hibernis

218 1880 411 1925 proroyatz‘
430 1879 605 1914 Marcello
624 1879 802 1923 populum
821 1878 888 1914 R:
915 1879 968 1913 bis

227 1938 367 1961 caesum
386 1927 579 1961 eoeercitmn
599 1927 675 1961 eius
695 1927 831 1961 aestiva
853 1926 967 1960 Venu-

225 1975 301 2009 siae
325 1975 390 2008 sub
413 1975 512 2009 tectis
532 1985 645 2019 ayere.
684 1972 899 2017 Eigentlich
918 1972 969 2007 ist

228 2032 265 2055 es
294 2020 463 2064 ‘Genuss,
489 2021 660 2062 Freude’,
687 2020 756 2055 wie
783 2025 838 2064 33,
866 2025 898 2056 4.

273 2068 463 2114 quantum]
496 2068 621 2102 hierzu
648 2068 699 2102 ist
724 2068 783 2102 die
810 2068 895 2102 dein
921 2067 967 2101 ir-

226 2115 351 2149 realen
388 2117 422 2149 sz'
451 2116 629 2160 potuisset
672 2114 965 2160 entsprechende

226 2161 334 2196 Form
360 2173 433 2197 von
457 2174 528 2197 esse
552 2174 594 2195 zu
621 2165 811 2206 erganzen.

274 2214 305 2245 9.
332 2210 510 2244 ‘intentum
534 2209 676 2254 formis]
704 2222 730 2243 S.
759 2221 801 2242 zu
828 2213 859 2252 2,
886 2214 918 2244 3.

276 2260 293 2290 1
302 2261 330 2292 1.
356 2257 419 2290 via}
433 2261 539 2300 capta
552 2256 784 2301 Carthafflssne]
798 2274 841 2285 =
852 2268 966 2300 quam-

226 2307 302 2338 tum
320 2304 395 2347 vim,
415 2304 448 2338 si
461 2308 535 2338 tum
550 2307 656 2348 capta
672 2302 851 2348 Carthago
868 2307 966 2346 esset,

225 2352 362 2394 fuisset.

274 2410 354 2432 cum
385 2410 457 2442 qua
484 2425 490 2432 .
513 2425 519 2432 .

229 2444 389 2488 Syrakus
415 2444 522 2479 nicht
547 2445 612 2479 der
630 2444 711 2479 Fall
736 2455 827 2488 war,
855 2444 969 2478 daher

227 2491 331 2526 hatte
346 2503 432 2526 man
446 2491 483 2526 in
500 2492 692 2537 Karthago
702 2521 709 2535 ,
730 2503 838 2526 wenn
853 2502 890 2525 es
906 2491 967 2525 da-

227 2540 322 2573 mals
337 2551 557 2584 genommen
571 2543 678 2582 ware,
696 2539 761 2574 der
775 2543 968 2584 grosseren

227 2586 356 2620 Macht
382 2587 653 2631 entsprechend
678 2587 776 2621 noch
799 2590 966 2631 grossere

228 2632 345 2668 Beute
381 2634 540 2668 macheu
576 2637 740 2676 mussen3
779 2634 867 2668 aber
907 2633 967 2667 die

229 2680 345 2715 Beute
371 2680 409 2714 in
431 2681 465 2717 S.
486 2692 561 2715 war
581 2692 620 2715 so
641 2693 757 2725 gross,
784 2680 868 2715 dass
890 2680 967 2715 sich

226 2726 330 2769 jenes
357 2739 422 2772 gar
446 2728 553 2762 nicht
577 2728 724 2763 denken
750 2727 847 2763 liess

277 2775 340 2816 31,
370 2780 528 2810 12—15.
575 2775 804 2809 Otacilius
836 2775 966 2819 pliin-

232 2819 330 2854 dert
361 2821 432 2856 die
466 2822 782 2857 afrikanische
815 2822 965 2856 Kfiste.

279 2871 330 2901 12.
376 2870 597 2915 trcmsmisz't]
641 2870 705 2904 der
742 2869 967 2913 cigentliche

547 2398 765 2443 certabatur]
800 2408 875 2431 was
907 2396 967 2430 bei

1040 1877 1235 1912 Ausdruck
1260 1877 1318 1912 fiir
1338 1877 1404 1912 das
1424 1877 1672 1912 Uebersetzen
1691 1877 1782 1911 fiber

1041 1926 1106 1960 das
1133 1925 1244 1960 Meer.

1089 1977 1144 2009 15.
1194 1972 1383 2054 instabat}
1429 1972 1522 2006 statt
1570 1971 1635 2005 des
1689 1970 1781 2005 Con-

1035 2019 1203 2065 junctivs
1217 2019 1396 2064 Plusqp,
1416 2018 1501 2053 weil
1522 2018 1581 2053 die
1596 2018 1782 2062 Hungers-

1039 2068 1132 2102 noth
1184 2067 1298 2101 ihnen
1353 2048 1606 2101 tliatsachlich
1652 2066 1781 2100 bevor-

1041 2114 1160 2159 stand,
1171 2114 1266 2159 jetzt
1279 2115 1367 2149 aber
1377 2113 1481 2148 nicht
1494 2125 1575 2147 zum
1587 2112 1782 2148 Ausbruch

1040 2162 1138 2196 kam.

1087 2208 1258 2245 32—36.
1309 2206 1573 2251 Ereignisse
1602 2205 1646 2239 in
1673 2205 1780 2250 Spa-

1039 2256 1152 2290 nien.
1198 2254 1289 2288 Tod
1316 2255 1391 2287 der
1417 2253 1581 2287 beiden
1601 2252 1779 2297 Scipio-

1038 2313 1132 2337 nen.

1089 2354 1118 2384 1.
1159 2350 1302 2384 biennio
1333 2348 1462 2394 ferme]
1495 2346 1660 2381 namlich
1695 2357 1781 2381 vom

1040 2397 1179 2431 Hei-bst
1198 2401 1266 2432 214
1292 2395 1349 2429 bis
1372 2407 1453 2429 zum
1474 2394 1638 2429 Sommer
1657 2398 1724 2429 212
1746 2405 1780 2429 v·

1042 2443 1123 2479 Chr
1169 2444 1223 2477 Im
1241 2443 1332 2477 Jahr
1351 2447 1418 2477 213
1439 2455 1472 2477 v
1495 2441 1577 2478 Chr.
1597 2452 1682 2484 war,
1711 2440 1780 2475 wie

1041 2502 1078 2526 es
1105 2490 1170 2534 24,
1197 2495 1259 2534 49,
1288 2495 1306 2525 7
1333 2490 1467 2533 heisst,
1492 2490 1587 2524 nihil
1610 2499 1778 2524 memora-

1040 2540 1108 2574 bile
1133 2537 1352 2583 ausgeffihrt
1376 2518 1534 2572 worden.

1086 2585 1332 2631 zmperatores]
1372 2584 1432 2618 die
1468 2583 1604 2618 beiden
1637 2581 1779 2616 Bn‘ider

1040 2633 1188 2667 weiden
1214 2637 1252 2675 3,
1280 2637 1299 2667 6
1331 2632 1426 2666 ohne
1451 2629 1698 2665 Unterschied
1725 2640 1778 2663 er-

1039 2661 1298 2723 wahnt,a1ich
1323 2683 1386 2722 37,
1413 2683 1433 2713 9
1462 2679 1692 2722 imperatores
1716 2688 1777 2721 ge-

1039 2728 1168 2770 nannt,
1194 2726 1269 2761 und
1294 2726 1359 2768 26,
1387 2730 1418 2768 2,
1445 2728 1465 2760 5
1491 2724 1609 2758 heisst
1634 2734 1689 2758 es:
1720 2735 1778 2758 ex-

1039 2776 1204 2817 mcztum
1245 2775 1304 2808 cui
1338 2773 1400 2807 On.
1434 2772 1554 2816 Scipio
1584 2772 1698 2814 imper
1700 2775 1780 2806 ato?

1033 2823 1264 2867 poaefuisset.
1314 2819 1491 2854 Dennoch
1524 2818 1573 2852 ist
1601 2817 1776 2862 nitgends

1041 2869 1224 2911 (θην-1111115,
1253 2867 1337 2901 dass
1363 2867 1447 2900 dem
1474 2865 1536 2900 On.
1564 2865 1686 2910 Scipio
1712 2865 1776 2899 das
