1882 3163
183 1220 225 1250 10

254 103 310 145 62
782 103 926 138 LissEa
952 103 1063 140 XXV.
1103 103 1203 138 oAP.
1231 108 1286 140 30.

1603 122 1628 141 a.
1650 122 1679 141 u.
1699 122 1723 141 e.
1744 116 1804 142 542.

255 201 306 242 ad
338 199 587 242 Marcellum
620 200 839 255 deductus,
871 215 966 242 cum
997 200 1125 242 fidem
1158 201 1393 256 accepisset
1419 202 1808 257 composuissetque

254 259 440 315 agendae
473 260 665 301 ordinem
696 260 774 313 rei,
805 259 1094 302 Achradinam
1124 261 1244 302 redit.
1299 263 1392 302 tum
1423 260 1634 303 Moericus
1676 263 1724 302 ut
1755 262 1808 303 ab

254 318 496 373 suspicione
536 319 791 373 proditionis
833 321 1042 361 averteret
1091 320 1281 361 omnium
1326 320 1510 375 animos,
1551 322 1683 375 negat
1727 321 1809 362 sibi

252 377 420 432 placere
457 378 623 433 legatos
663 393 898 420 commeare
938 378 1051 420 ultro
1093 379 1303 434 citroque,
1343 393 1480 434 neque
1520 379 1808 434 recipiendum

255 451 509 491 quemquam
541 452 678 493 neque
715 437 989 493 mittendum,
1027 440 1070 479 et
1107 453 1190 493 quo
1229 439 1436 480 intentius
1475 439 1692 480 custodiae
1725 453 1808 480 ser-

253 498 423 550 ventur,
462 499 701 552 opportuna
732 497 958 539 dividenda
994 497 1219 551 praefectis
1259 512 1368 548 esse,
1406 500 1454 539 ut
1491 512 1591 539 suae
1630 498 1808 552 quisque

253 556 388 610 partis
420 556 625 597 tutandae
656 571 754 597 reus
787 557 853 598 sit.
917 570 1063 599 omnes
1097 557 1266 598 adsensi
1305 559 1416 598 sunt.
1478 557 1672 611 partibus
1705 556 1808 598 divi-

254 614 402 656 dendis
434 615 517 668 ipsi
548 615 667 671 regio
704 616 845 657 evenit
883 615 936 657 ab
973 615 1191 658 Arethusa
1229 616 1347 657 fonte
1384 630 1516 671 usque
1560 616 1612 657 ad
1651 615 1809 657 ostium

254 673 403 729 magni
434 676 595 728 portus.
656 674 699 716 id
736 677 785 716 ut
823 675 982 717 scirent
1012 674 1198 716 Romani
1234 675 1347 717 fecit.
1409 675 1550 730 itaque
1582 674 1808 716 Marcellus

253 735 378 774 nocte
403 748 557 775 navem
584 734 823 776 onerariam
849 748 944 775 cum
972 735 1149 776 armatis
1175 735 1362 776 remulco
1390 734 1668 789 quadriremis
1694 733 1809 775 trahi

255 792 305 833 ad
337 791 629 834 Achradinam
667 793 793 834 iussit
824 794 1062 847 exponique
1103 794 1260 835 milites
1292 794 1465 849 regione
1504 795 1672 848 portae,
1703 807 1809 848 quae

252 866 385 906 prope
416 851 580 893 fontem
611 852 871 894 Arethusam
904 855 981 894 est,
1040 852 1121 894 hoc
1153 867 1249 894 cum
1282 855 1435 908 quarta
1466 853 1616 908 vigilia
1646 852 1809 894 factum

254 913 383 964 esset,
427 912 727 965 expositosque
771 911 929 952 milites
973 914 1117 965 porta,
1165 914 1213 952 ut
1256 915 1530 966 convenerat,
1579 911 1810 966 recepisset

251 969 477 1021 Moci-iem,
509 971 602 1011 luce
633 970 772 1023 prima
797 969 1024 1012 Marcellus
1057 970 1254 1012 omnibus
1287 971 1421 1025 copiis
1454 971 1624 1012 moenia
1648 970 1809 1012 Achra—

253 1029 376 1070 dinae
409 1029 658 1084 adgreditur
688 1029 761 1083 ita,
792 1032 840 1071 ut
870 1044 957 1071 non
991 1044 1062 1071 eos
1097 1030 1248 1083 solum,
1281 1030 1353 1084 qui
1379 1029 1669 1071 Achradinam
1694 1031 1809 1070 tene-

252 1088 369 1142 bant,
400 1088 445 1129 in
478 1102 521 1129 se
554 1091 829 1143 converteret,
860 1089 933 1130 sed
960 1089 1013 1130 ab
1040 1087 1158 1131 Naso
1185 1089 1315 1130 etiam
1342 1089 1514 1144 agmina
1547 1090 1809 1130 armatorum

253 1149 553 1189 concurrerent
589 1147 750 1190 relictis
791 1147 1048 1190 stationibus
1081 1148 1168 1189 suis
1211 1148 1263 1189 ad
1295 1148 1381 1189 vim
1416 1150 1457 1189 et
1487 1148 1695 1202 impetum
1725 1146 1809 1189 Ro-

252 1221 477 1248 manorum
505 1206 744 1248 arcendum.
792 1207 837 1248 in
863 1206 944 1249 hoc
970 1207 1158 1249 tumultu
1185 1207 1400 1249 actuariae
1425 1221 1555 1248 naves
1576 1207 1809 1248 instructae

252 1265 339 1306 iam
379 1268 479 1307 ante
518 1265 906 1322 circumvectaeque
946 1266 998 1308 ad
1038 1265 1203 1308 Nasum
1243 1269 1428 1308 armatos
1462 1268 1697 1320 exponunt,
1738 1265 1810 1320 qui

251 1324 471 1379 inproviso
510 1325 648 1367 adorti
690 1325 945 1379 semiplenas
984 1326 1194 1367 stationes
1233 1328 1275 1367 et
1312 1325 1536 1379 adapertas
1567 1325 1681 1367 fores
1713 1339 1809 1379 por-

251 1386 334 1438 tae,
367 1398 450 1438 qua
481 1385 608 1438 paulo
642 1386 740 1426 ante
767 1388 1039 1426 excurrerant
1066 1386 1230 1438 armati,
1255 1384 1371 1426 haud
1396 1398 1553 1439 magno
1582 1384 1809 1426 certamine

1114 1548 1259 1594 ostium]
1287 1560 1343 1584 wo
1369 1548 1448 1582 sich
1468 1547 1533 1582 der
1552 1551 1718 1593 grossere
1738 1546 1809 1580 Ha-

252 1558 309 1582 ser
331 1547 525 1582 Gebrauc'h
552 1547 618 1581 anf
633 1546 730 1582 Viele
751 1548 886 1582 andere
906 1548 989 1593 Adj·
1067 1595 1128 1630 fen
1147 1595 1217 1630 mit
1237 1596 1320 1630 dem
1335 1595 1528 1630 kleineren
1545 1594 1730 1638 vereinigt
1748 1594 1810 1628 bei

251 1594 484 1640 ausgedehnt
497 1595 572 1629 und
588 1606 627 1630 so
643 1595 738 1629 auch
752 1595 791 1628 in
806 1595 865 1629 die
879 1595 994 1631 Prosa

251 1642 516 1687 eingebfirgert
533 1642 694 1685 worden,
720 1654 747 1677 z.
769 1642 809 1677 B.
832 1642 907 1677 fast
926 1643 992 1676 im-

250 1700 328 1724 mer
359 1689 421 1724 bei
452 1691 611 1725 occultus
650 1691 690 1733 (S.
718 1693 779 1733 28,
807 1692 852 1734 6).
904 1690 989 1735 Vgl.

251 1737 291 1780 6,
319 1741 379 1780 25,
409 1742 425 1771 1
461 1737 662 1771 Tusculani
685 1738 811 1772 secreti
836 1738 881 1772 ab
908 1739 993 1772 aliis

251 1785 300 1819 ad
318 1785 482 1820 tribunos
501 1786 746 1820 adducuntur.
784 1785 883 1820 Aber
898 1785 992 1818 auch

252 1831 317 1866 das
331 1831 425 1868 Adv.
440 1832 557 1866 findet
577 1831 656 1865 sich
676 1831 736 1866 bei
750 1831 887 1876 obigen
899 1832 992 1866 Aus-

252 1878 426 1923 drficken,
453 1891 480 1913 z,
508 1880 547 1914 B.
574 1884 631 1922 37,
659 1883 701 1913 15
727 1881 872 1924 trepide.

297 1927 402 1969 ficlem
418 1927 623 1972 accepisset]
646 1926 711 1960 der
731 1927 991 1971 ausgelassene

251 1973 493 2009 Infinitivsatz
519 1974 670 2018 erganzt
696 1973 775 2007 sich
802 1985 866 2008 aus
893 1978 912 2016 ξ
935 1978 966 2009 3.

298 2022 458 2066 agyenclae
477 2022 638 2056 ordinem
658 2021 727 2066 rei]
756 2020 821 2056 der
839 2020 996 2056 Verlauf

251 2068 327 2101 und
353 2067 471 2112 Gang,
501 2068 573 2102 den
599 2068 664 2102 der
688 2068 879 2113 Anschlag
903 2068 992 2103 neh-

251 2115 451 2158 men'solh
489 2115 564 2160 vgl.
597 2115 663 2159 40,
691 2119 752 2159 55,
779 2120 799 2150 5
831 2117 992 2151 ordinem

250 2173 386 2197 omnem
405 2163 582 2205 facinoris
600 2164 773 2207 exposuit.
813 2163 872 2206 28,
893 2167 949 2206 28,
969 2166 990 2197 8

250 2210 347 2244 viam
363 2210 507 2244 consilii
524 2210 687 2244 scelerati
707 2237 714 2244 .
731 2237 737 2244 .
758 2211 883 2254 exequi
901 2211 989 2245 volo.

299 2261 330 2291 5.
358 2257 575 2302 opportuna]
604 2268 629 2289 s.
657 2268 699 2289 zu
727 2261 781 2300 13,
810 2261 863 2291 14.

297 2304 392 2349 reus]
433 2302 764 2338 ‘verantwortlich'
799 2303 873 2346 fiir,
913 2303 988 2348 vgl.

251 2350 290 2394 6,
318 2355 379 2395 24,
407 2354 427 2386 8
452 2356 493 2386 ut
517 2363 570 2394 se,
595 2362 695 2386 reum
718 2351 888 2394 fortunae
913 2352 990 2386 eius

250 2399 335 2442 dici,
351 2399 500 2433 crimine
512 2400 704 2434 eximerent
726 2398 916 2432 ‘verantw
932 2397 990 2431 fiir

251 2445 323 2480 den
341 2446 520 2490 Ausgang
540 2445 660 2480 dieses
676 2445 988 2489 Schlachttages’.

299 2498 330 2529 6.
362 2494 534 2537 partibus
568 2493 793 2539 dividendis]
823 2492 899 2526 ‘bei
919 2521 925 2526 .
945 2493 987 2536 .';

251 2539 455 2585 eigentlich
493 2541 581 2575 aber
618 2540 667 2574 ist
699 2539 777 2574 dies
813 2539 873 2574 ein
904 2539 987 2573 Abl.

251 2588 327 2622 abs.
347 2587 417 2622 mit
437 2587 520 2621 dem
539 2586 775 2632 gewohnlich
794 2586 891 2622 Part.
907 2586 987 2621 Fut.

250 2633 351 2668 Pass.
378 2636 589 2679 genannten
615 2634 712 2669 Part.
740 2634 862 2669 Praes.
889 2634 987 2668 Pass.

252 2698 295 2710 =
328 2693 408 2716 cum
440 2687 565 2726 partes
602 2683 868 2725 dividerentum
912 2681 987 2725 vgl.

252 2733 289 2771 6,
316 2733 360 2763 22
391 2730 445 2763 vis
475 2730 626 2764 urbibus
653 2729 906 2774 eaepuynanclis
931 2740 989 2763 ex-

245 2777 364 2819 periri
387 2776 580 2811 virtutem?
628 2776 687 2820 26,
714 2779 770 2819 48,
797 2780 817 2810 2
845 2776 908 2820 qui
933 2787 990 2810 ca-

245 2822 384 2865 pienda
420 2824 507 2858 urbe
538 2827 679 2859 tantum
704 2823 862 2867 periculi
894 2823 989 2858 aclis-

250 2873 337 2904 sent.

1067 1642 1132 1677 der
1157 1655 1228 1678 arec
1252 1643 1443 1688 Dionysii,
1479 1642 1553 1687 vgl.
1583 1646 1643 1685 11,
1670 1645 1724 1675 11.
1754 1645 1807 1676 19.

1115 1695 1146 1725 7.
1186 1691 1342 1726 remulco
1379 1690 1492 1735 trahi]
1530 1701 1559 1724 r.
1593 1690 1732 1724 trahere
1764 1706 1808 1717 =

1065 1737 1274 1782 bugsieren,
1302 1737 1358 1771 ins
1384 1736 1614 1781 Schlepptau
1637 1736 1806 1771 nehmen.

1064 1786 1260 1820 remulcum
1316 1785 1366 1819 ist
1414 1795 1501 1818 vom
1549 1783 1808 1828 griechischen

1065 1830 1808 1924 vs

1064 1926 1233 1971 bindung
1259 1927 1385 1961 setzte.

1111 1975 1254 2020 reyzfone
1273 1973 1418 2019 portae]
1448 1972 1503 2006 ‘in
1528 1972 1593 2007 der
1617 1971 1808 2016 Richtung

1065 2021 1131 2055 auf
1153 2021 1218 2055 das
1244 2021 1359 2055 Thor’
1388 2022 1429 2065 (s.
1457 2031 1499 2054 zu
1522 2024 1577 2064 11,
1599 2021 1644 2064 7),
1672 2029 1711 2053 so
1731 2018 1806 2054 viel

1065 2068 1119 2102 als
1149 2068 1202 2102 ‘in
1229 2068 1294 2103 der
1319 2067 1502 2112 Gregend'.

1112 2119 1143 2150 8.
1171 2120 1283 2160 porta
1322 2144 1328 2150 .
1358 2144 1364 2150 .
1397 2114 1597 2160 recepisset]
1632 2113 1696 2148 der
1720 2113 1802 2148 Abl.

1064 2162 1281 2198 bezeichnet
1306 2162 1377 2196 den
1402 2161 1515 2206 Weg,
1542 2160 1609 2195 auf
1626 2160 1807 2195 welchem

1064 2209 1145 2244 eine
1167 2209 1383 2253 Bewegung
1397 2207 1616 2251 stattfindet,
1636 2206 1705 2241 wie
1725 2211 1744 2249 ἓ
1760 2211 1803 2241 10

1063 2256 1138 2290 und
1169 2256 1235 2300 24,
1263 2260 1323 2298 21,
1352 2261 1370 2290 7
1399 2255 1578 2300 heoeapylo
1601 2255 1734 2289 invecti
1759 2271 1803 2283 =

1066 2303 1211 2337 ‘durch’
1229 2303 1293 2336 das
1308 2302 1545 2347 Hexapylon3
1567 2301 1661 2336 eben
1680 2301 1728 2335 da
1747 2305 1803 2345 32,

1063 2355 1083 2385 6
1109 2351 1286 2396 lieoeapylo
1312 2362 1439 2396 aymen
1462 2353 1642 2394 receptum
1666 2352 1725 2385 est.

1113 2402 1165 2432 10.
1216 2399 1406 2433 actuariae
1445 2396 1574 2442 naves]
1624 2395 1802 2439 kleinere,

1063 2443 1180 2479 leicht
1198 2444 1428 2489 bewegliche
1447 2443 1670 2488 Fahrzeuge,
1691 2442 1802 2476 deren

1062 2492 1305 2537 Bemannung
1324 2491 1430 2525 nicht
1449 2501 1552 2535 gross
1572 2501 1666 2532 war3
1693 2501 1719 2525 S.
1740 2489 1802 2532 38,

1063 2543 1118 2583 38,
1138 2543 1159 2575 8
1179 2551 1287 2574 naves
1307 2540 1506 2581 actuarias,
1526 2548 1680 2583 quarum
1697 2537 1804 2572 nulla

1056 2588 1143 2631 plus
1179 2598 1287 2632 quam
1325 2587 1480 2632 triginta
1514 2585 1620 2620 remis
1657 2588 1801 2629 ayatur,

1062 2635 1186 2669 habeto
1212 2634 1454 2678 (Antiochus).

1109 2681 1308 2726 inproviso]
1337 2692 1363 2715 s.
1390 2692 1433 2714 zu
1459 2684 1492 2723 9,
1521 2682 1574 2714 11.

1109 2730 1303 2773 adapertas
1333 2728 1442 2773 fores]
1474 2725 1549 2770 vgl.
1575 2729 1637 2769 31,
1664 2728 1702 2767 23
1735 2724 1800 2758 das

1064 2774 1189 2820 Comp.
1223 2776 1413 2819 adaperire
1448 2773 1516 2807 hat
1551 2771 1629 2806 Liv.
1668 2771 1707 2805 in
1740 2771 1801 2805 die

1062 2822 1176 2857 Prosa
1202 2821 1429 2866 eingeffihrt,
1456 2820 1549 2854 eben
1571 2830 1610 2853 so
1637 2818 1709 2853 den
1732 2817 1801 2852 Ge—

1064 2871 1213 2914 gensatz
1238 2869 1364 2903 hierzu
1389 2868 1558 2912 adoperio
1584 2867 1633 2911 (1,
1653 2870 1710 2911 26,
1731 2866 1798 2910 13).
