<?xml version="1.0" encoding="UTF-8"?>
<!DOCTYPE html PUBLIC "-//W3C//DTD XHTML 1.0 Transitional//EN"
    "http://www.w3.org/TR/xhtml1/DTD/xhtml1-transitional.dtd">
<html xmlns="http://www.w3.org/1999/xhtml" xml:lang="en" lang="en">
 <head>
  <title>
</title>
<meta http-equiv="Content-Type" content="text/html;charset=utf-8" />
  <meta name='ocr-system' content='tesseract 3.04.00' />
  <meta name='ocr-capabilities' content='ocr_page ocr_carea ocr_par ocr_line ocrx_word'/>
</head>
<body>
  <div class='ocr_page' id='page_1' title='image "./aburbeconditalib21livyuoft/aburbeconditalib21livyuoft_0297.png"; bbox 0 0 1882 3163; ppageno 0'>
   <div class='ocr_carea' id='block_1_1' title="bbox 137 79 314 106">
    <p class='ocr_par' dir='ltr' id='par_1_1' title="bbox 137 79 314 106">
     <span class='ocr_line' id='line_1_1' title="bbox 137 79 314 106; baseline -0.006 0"><span class='ocrx_word' id='word_1_1' title='bbox 137 87 162 106; x_wconf 85' lang='lat' dir='ltr'>a.</span> <span class='ocrx_word' id='word_1_2' title='bbox 183 79 233 105; x_wconf 87' lang='lat' dir='ltr'>Ch.</span> <span class='ocrx_word' id='word_1_3' title='bbox 253 80 314 105; x_wconf 82' lang='grc'>216.</span> 
     </span>
    </p>
   </div>
   <div class='ocr_carea' id='block_1_2' title="bbox 646 65 1701 106">
    <p class='ocr_par' dir='ltr' id='par_1_2' title="bbox 646 65 1701 106">
     <span class='ocr_line' id='line_1_2' title="bbox 646 65 1701 106; baseline 0.003 -4"><span class='ocrx_word' id='word_1_4' title='bbox 646 67 793 102; x_wconf 77' lang='lat' dir='ltr'>LIBER</span> <span class='ocrx_word' id='word_1_5' title='bbox 818 67 948 102; x_wconf 85' lang='lat' dir='ltr'>XXIII.</span> <span class='ocrx_word' id='word_1_6' title='bbox 1002 66 1103 102; x_wconf 87' lang='lat' dir='ltr'><strong>CAP.</strong></span> <span class='ocrx_word' id='word_1_7' title='bbox 1132 70 1187 102; x_wconf 88' lang='lat'>12.</span> <span class='ocrx_word' id='word_1_8' title='bbox 1644 65 1701 106; x_wconf 71' lang='grc'>25</span> 
     </span>
    </p>
   </div>
   <div class='ocr_carea' id='block_1_3' title="bbox 137 174 1698 232">
    <p class='ocr_par' dir='ltr' id='par_1_3' title="bbox 137 174 1698 232">
     <span class='ocr_line' id='line_1_3' title="bbox 137 174 1698 232; baseline -0.003 -13"><span class='ocrx_word' id='word_1_9' title='bbox 137 178 264 220; x_wconf 89' lang='lat' dir='ltr'>rebus</span> <span class='ocrx_word' id='word_1_10' title='bbox 297 179 439 232; x_wconf 94' lang='lat' dir='ltr'>grates</span> <span class='ocrx_word' id='word_1_11' title='bbox 473 176 563 217; x_wconf 86' lang='lat' dir='ltr'>deis</span> <span class='ocrx_word' id='word_1_12' title='bbox 594 175 895 217; x_wconf 88' lang='lat' dir='ltr'>inmortalibus</span> <span class='ocrx_word' id='word_1_13' title='bbox 929 175 1017 230; x_wconf 70' lang='lat' dir='ltr'>agi,</span> <span class='ocrx_word' id='word_1_14' title='bbox 1052 175 1274 216; x_wconf 80' lang='lat' dir='ltr'>audiamus</span> <span class='ocrx_word' id='word_1_15' title='bbox 1305 174 1551 216; x_wconf 84' lang='lat' dir='ltr'>Romanum</span> <span class='ocrx_word' id='word_1_16' title='bbox 1578 188 1698 215; x_wconf 85' lang='lat' dir='ltr'>sena-</span> 
     </span>
    </p>
   </div>
   <div class='ocr_carea' id='block_1_4' title="bbox 138 234 1024 289">
    <p class='ocr_par' dir='ltr' id='par_1_4' title="bbox 138 234 1024 289">
     <span class='ocr_line' id='line_1_4' title="bbox 138 234 1024 289; baseline -0.005 -11"><span class='ocrx_word' id='word_1_17' title='bbox 138 239 278 279; x_wconf 90' lang='lat' dir='ltr'>torem</span> <span class='ocrx_word' id='word_1_18' title='bbox 319 236 364 277; x_wconf 87' lang='lat' dir='ltr'>in</span> <span class='ocrx_word' id='word_1_19' title='bbox 407 234 834 289; x_wconf 75' lang='lat' dir='ltr'>Carthaginiensium</span> <span class='ocrx_word' id='word_1_20' title='bbox 872 234 1024 275; x_wconf 87' lang='lat' dir='ltr'>curia“.</span> 
     </span>
    </p>
   </div>
   <div class='ocr_carea' id='block_1_5' title="bbox 1087 233 1744 287">
    <p class='ocr_par' dir='ltr' id='par_1_5' title="bbox 1087 233 1744 287">
     <span class='ocr_line' id='line_1_5' title="bbox 1087 233 1744 287; baseline -0.003 -12"><span class='ocrx_word' id='word_1_21' title='bbox 1087 236 1179 275; x_wconf 88' lang='lat' dir='ltr'>tum</span> <span class='ocrx_word' id='word_1_22' title='bbox 1224 233 1401 275; x_wconf 87' lang='lat' dir='ltr'>Hanno:</span> <span class='ocrx_word' id='word_1_23' title='bbox 1445 233 1697 287; x_wconf 78' lang='lat' dir='ltr'>„tacuissem</span> <span class='ocrx_word' id='word_1_24' title='bbox 1722 243 1744 273; x_wconf 77' lang='lat' dir='ltr'>s</span> 
     </span>
    </p>
   </div>
   <div class='ocr_carea' id='block_1_6' title="bbox 138 292 1779 1528">
    <p class='ocr_par' dir='ltr' id='par_1_6' title="bbox 138 292 1779 1528">
     <span class='ocr_line' id='line_1_6' title="bbox 138 292 1704 349; baseline -0.003 -12"><span class='ocrx_word' id='word_1_25' title='bbox 138 296 278 349; x_wconf 90' lang='lat' dir='ltr'>hodie,</span> <span class='ocrx_word' id='word_1_26' title='bbox 309 297 454 349; x_wconf 87' lang='lat' dir='ltr'>patres</span> <span class='ocrx_word' id='word_1_27' title='bbox 486 293 736 347; x_wconf 74' lang='lat' dir='ltr'>conscripti,</span> <span class='ocrx_word' id='word_1_28' title='bbox 766 307 820 333; x_wconf 91' lang='lat' dir='ltr'>ne</span> <span class='ocrx_word' id='word_1_29' title='bbox 852 292 953 346; x_wconf 86' lang='lat' dir='ltr'>quid</span> <span class='ocrx_word' id='word_1_30' title='bbox 985 293 1029 333; x_wconf 88' lang='lat' dir='ltr'>in</span> <span class='ocrx_word' id='word_1_31' title='bbox 1062 293 1279 334; x_wconf 83' lang='lat' dir='ltr'>communi</span> <span class='ocrx_word' id='word_1_32' title='bbox 1312 293 1502 334; x_wconf 89' lang='lat' dir='ltr'>omnium</span> <span class='ocrx_word' id='word_1_33' title='bbox 1534 292 1704 347; x_wconf 89' lang='lat' dir='ltr'>gaudio,</span> 
     </span>
     <span class='ocr_line' id='line_1_7' title="bbox 141 351 1745 407; baseline -0.002 -11"><span class='ocrx_word' id='word_1_34' title='bbox 141 355 281 396; x_wconf 90' lang='lat' dir='ltr'>minus</span> <span class='ocrx_word' id='word_1_35' title='bbox 320 355 482 395; x_wconf 87' lang='lat' dir='ltr'>laetum</span> <span class='ocrx_word' id='word_1_36' title='bbox 521 352 635 407; x_wconf 88' lang='lat' dir='ltr'>quod</span> <span class='ocrx_word' id='word_1_37' title='bbox 680 354 793 392; x_wconf 87' lang='lat' dir='ltr'>esset</span> <span class='ocrx_word' id='word_1_38' title='bbox 829 352 966 405; x_wconf 87' lang='lat' dir='ltr'>vobis,</span> <span class='ocrx_word' id='word_1_39' title='bbox 1003 353 1220 406; x_wconf 83' lang='lat' dir='ltr'>loquerer:</span> <span class='ocrx_word' id='word_1_40' title='bbox 1267 366 1381 393; x_wconf 87' lang='lat' dir='ltr'>nunc</span> <span class='ocrx_word' id='word_1_41' title='bbox 1419 351 1703 406; x_wconf 83' lang='lat' dir='ltr'>interroganti</span> <span class='ocrx_word' id='word_1_42' title='bbox 1725 363 1745 393; x_wconf 77' lang='grc'><strong>9</strong></span> 
     </span>
     <span class='ocr_line' id='line_1_8' title="bbox 142 410 1704 467; baseline -0.003 -12"><span class='ocrx_word' id='word_1_43' title='bbox 142 413 350 467; x_wconf 88' lang='lat' dir='ltr'>senatori,</span> <span class='ocrx_word' id='word_1_44' title='bbox 394 412 668 467; x_wconf 83' lang='lat' dir='ltr'>paeniteatne</span> <span class='ocrx_word' id='word_1_45' title='bbox 707 410 844 452; x_wconf 89' lang='lat' dir='ltr'>adhuc</span> <span class='ocrx_word' id='word_1_46' title='bbox 883 411 1070 464; x_wconf 86' lang='lat' dir='ltr'>suscepti</span> <span class='ocrx_word' id='word_1_47' title='bbox 1102 410 1306 452; x_wconf 84' lang='lat' dir='ltr'>adversus</span> <span class='ocrx_word' id='word_1_48' title='bbox 1339 410 1556 452; x_wconf 84' lang='lat' dir='ltr'>Romanos</span> <span class='ocrx_word' id='word_1_49' title='bbox 1588 410 1704 464; x_wconf 89' lang='lat' dir='ltr'>belli,</span> 
     </span>
     <span class='ocr_line' id='line_1_9' title="bbox 143 469 1703 524; baseline -0.003 -10"><span class='ocrx_word' id='word_1_50' title='bbox 143 473 179 514; x_wconf 92' lang='lat' dir='ltr'>si</span> <span class='ocrx_word' id='word_1_51' title='bbox 204 473 419 523; x_wconf 83' lang='lat' dir='ltr'>reticeam,</span> <span class='ocrx_word' id='word_1_52' title='bbox 452 473 526 512; x_wconf 86' lang='lat' dir='ltr'>aut</span> <span class='ocrx_word' id='word_1_53' title='bbox 551 470 760 524; x_wconf 90' lang='lat' dir='ltr'>superbus</span> <span class='ocrx_word' id='word_1_54' title='bbox 788 471 862 510; x_wconf 89' lang='lat' dir='ltr'>aut</span> <span class='ocrx_word' id='word_1_55' title='bbox 888 469 1099 511; x_wconf 83' lang='lat' dir='ltr'>obnoxius</span> <span class='ocrx_word' id='word_1_56' title='bbox 1128 469 1285 524; x_wconf 86' lang='lat' dir='ltr'>videar,</span> <span class='ocrx_word' id='word_1_57' title='bbox 1312 483 1494 523; x_wconf 89' lang='lat' dir='ltr'>quorum</span> <span class='ocrx_word' id='word_1_58' title='bbox 1522 469 1703 510; x_wconf 90' lang='lat' dir='ltr'>alterum</span> 
     </span>
     <span class='ocr_line' id='line_1_10' title="bbox 145 528 1769 582; baseline -0.002 -9"><span class='ocrx_word' id='word_1_59' title='bbox 145 534 210 573; x_wconf 90' lang='lat' dir='ltr'>est</span> <span class='ocrx_word' id='word_1_60' title='bbox 235 530 422 572; x_wconf 90' lang='lat' dir='ltr'>hominis</span> <span class='ocrx_word' id='word_1_61' title='bbox 450 529 613 570; x_wconf 89' lang='lat' dir='ltr'>alienae</span> <span class='ocrx_word' id='word_1_62' title='bbox 639 528 853 570; x_wconf 78' lang='lat' dir='ltr'>libertatis</span> <span class='ocrx_word' id='word_1_63' title='bbox 880 528 1016 582; x_wconf 86' lang='lat' dir='ltr'>obliti,</span> <span class='ocrx_word' id='word_1_64' title='bbox 1043 529 1225 570; x_wconf 89' lang='lat' dir='ltr'>alterum</span> <span class='ocrx_word' id='word_1_65' title='bbox 1252 543 1365 569; x_wconf 86' lang='lat' dir='ltr'>suae.</span> <span class='ocrx_word' id='word_1_66' title='bbox 1414 529 1707 582; x_wconf 80' lang='lat' dir='ltr'>respondeam,</span> <span class='ocrx_word' id='word_1_67' title='bbox 1724 539 1769 570; x_wconf 85' lang='lat'>10</span> 
     </span>
     <span class='ocr_line' id='line_1_11' title="bbox 144 587 1709 644; baseline -0.003 -12"><span class='ocrx_word' id='word_1_68' title='bbox 144 590 302 644; x_wconf 89' lang='lat' dir='ltr'>inquit,</span> <span class='ocrx_word' id='word_1_69' title='bbox 338 587 592 641; x_wconf 82' lang='lat' dir='ltr'>Himilconi,</span> <span class='ocrx_word' id='word_1_70' title='bbox 635 602 723 629; x_wconf 88' lang='lat' dir='ltr'>non</span> <span class='ocrx_word' id='word_1_71' title='bbox 765 587 925 628; x_wconf 87' lang='lat' dir='ltr'>desisse</span> <span class='ocrx_word' id='word_1_72' title='bbox 957 587 1175 641; x_wconf 88' lang='lat' dir='ltr'>paenitere</span> <span class='ocrx_word' id='word_1_73' title='bbox 1207 601 1274 628; x_wconf 89' lang='lat' dir='ltr'>me</span> <span class='ocrx_word' id='word_1_74' title='bbox 1307 587 1409 628; x_wconf 87' lang='lat' dir='ltr'>belli</span> <span class='ocrx_word' id='word_1_75' title='bbox 1440 602 1577 641; x_wconf 85' lang='lat' dir='ltr'>neque</span> <span class='ocrx_word' id='word_1_76' title='bbox 1603 587 1709 628; x_wconf 88' lang='lat' dir='ltr'>desi-</span> 
     </span>
     <span class='ocr_line' id='line_1_12' title="bbox 144 646 1709 700; baseline -0.002 -11"><span class='ocrx_word' id='word_1_77' title='bbox 144 652 288 690; x_wconf 89' lang='lat' dir='ltr'>turum</span> <span class='ocrx_word' id='word_1_78' title='bbox 322 649 421 688; x_wconf 88' lang='lat' dir='ltr'>ante</span> <span class='ocrx_word' id='word_1_79' title='bbox 452 647 661 688; x_wconf 88' lang='lat' dir='ltr'>invictum</span> <span class='ocrx_word' id='word_1_80' title='bbox 686 649 874 687; x_wconf 87' lang='lat' dir='ltr'>vestrum</span> <span class='ocrx_word' id='word_1_81' title='bbox 900 646 1204 700; x_wconf 83' lang='lat' dir='ltr'>imperatorem</span> <span class='ocrx_word' id='word_1_82' title='bbox 1229 646 1437 699; x_wconf 86' lang='lat' dir='ltr'>incusare,</span> <span class='ocrx_word' id='word_1_83' title='bbox 1463 661 1592 700; x_wconf 87' lang='lat' dir='ltr'>quam</span> <span class='ocrx_word' id='word_1_84' title='bbox 1617 646 1709 687; x_wconf 89' lang='lat' dir='ltr'>fini-</span> 
     </span>
     <span class='ocr_line' id='line_1_13' title="bbox 142 704 1709 761; baseline -0.002 -13"><span class='ocrx_word' id='word_1_85' title='bbox 142 710 237 748; x_wconf 91' lang='lat' dir='ltr'>tum</span> <span class='ocrx_word' id='word_1_86' title='bbox 269 706 416 761; x_wconf 90' lang='lat' dir='ltr'>aliqua</span> <span class='ocrx_word' id='word_1_87' title='bbox 446 705 663 747; x_wconf 86' lang='lat' dir='ltr'>tolerabili</span> <span class='ocrx_word' id='word_1_88' title='bbox 699 705 949 747; x_wconf 86' lang='lat' dir='ltr'>condicione</span> <span class='ocrx_word' id='word_1_89' title='bbox 976 706 1136 746; x_wconf 90' lang='lat' dir='ltr'>bellum</span> <span class='ocrx_word' id='word_1_90' title='bbox 1162 704 1325 758; x_wconf 81' lang='lat' dir='ltr'>vider03</span> <span class='ocrx_word' id='word_1_91' title='bbox 1357 719 1435 746; x_wconf 91' lang='lat' dir='ltr'>nec</span> <span class='ocrx_word' id='word_1_92' title='bbox 1461 705 1566 745; x_wconf 88' lang='lat' dir='ltr'>mihi</span> <span class='ocrx_word' id='word_1_93' title='bbox 1592 704 1709 759; x_wconf 85' lang='lat' dir='ltr'>pacis</span> 
     </span>
     <span class='ocr_line' id='line_1_14' title="bbox 148 763 1770 819; baseline -0.002 -12"><span class='ocrx_word' id='word_1_94' title='bbox 148 765 348 819; x_wconf 87' lang='lat' dir='ltr'>antiquae</span> <span class='ocrx_word' id='word_1_95' title='bbox 381 765 637 806; x_wconf 86' lang='lat' dir='ltr'>desiderium</span> <span class='ocrx_word' id='word_1_96' title='bbox 669 765 758 805; x_wconf 90' lang='lat' dir='ltr'>ulla</span> <span class='ocrx_word' id='word_1_97' title='bbox 790 765 874 805; x_wconf 89' lang='lat' dir='ltr'>alia</span> <span class='ocrx_word' id='word_1_98' title='bbox 910 779 978 806; x_wconf 84' lang='lat' dir='ltr'>res</span> <span class='ocrx_word' id='word_1_99' title='bbox 1018 779 1148 819; x_wconf 86' lang='lat' dir='ltr'>quam</span> <span class='ocrx_word' id='word_1_100' title='bbox 1180 779 1264 818; x_wconf 79' lang='lat' dir='ltr'>pax</span> <span class='ocrx_word' id='word_1_101' title='bbox 1301 778 1414 805; x_wconf 88' lang='lat' dir='ltr'>nova</span> <span class='ocrx_word' id='word_1_102' title='bbox 1450 763 1582 804; x_wconf 89' lang='lat' dir='ltr'>finiet.</span> <span class='ocrx_word' id='word_1_103' title='bbox 1632 764 1770 804; x_wconf 75' lang='lat' dir='ltr'>ita-11</span> 
     </span>
     <span class='ocr_line' id='line_1_15' title="bbox 147 822 1709 879; baseline -0.003 -13"><span class='ocrx_word' id='word_1_104' title='bbox 147 839 227 879; x_wconf 91' lang='lat' dir='ltr'>que</span> <span class='ocrx_word' id='word_1_105' title='bbox 252 825 347 878; x_wconf 91' lang='lat' dir='ltr'>ista,</span> <span class='ocrx_word' id='word_1_106' title='bbox 374 838 481 878; x_wconf 86' lang='lat' dir='ltr'>quae</span> <span class='ocrx_word' id='word_1_107' title='bbox 506 823 635 865; x_wconf 86' lang='lat' dir='ltr'>modo</span> <span class='ocrx_word' id='word_1_108' title='bbox 661 823 791 878; x_wconf 87' lang='lat' dir='ltr'>Mago</span> <span class='ocrx_word' id='word_1_109' title='bbox 813 823 1002 876; x_wconf 89' lang='lat' dir='ltr'>iactavit,</span> <span class='ocrx_word' id='word_1_110' title='bbox 1035 822 1270 865; x_wconf 87' lang='lat' dir='ltr'>Himilconi</span> <span class='ocrx_word' id='word_1_111' title='bbox 1291 823 1527 876; x_wconf 87' lang='lat' dir='ltr'>ceterisque</span> <span class='ocrx_word' id='word_1_112' title='bbox 1547 822 1709 863; x_wconf 90' lang='lat' dir='ltr'>Hanni-</span> 
     </span>
     <span class='ocr_line' id='line_1_16' title="bbox 144 881 1710 936; baseline -0.002 -11"><span class='ocrx_word' id='word_1_113' title='bbox 144 883 256 925; x_wconf 88' lang='lat' dir='ltr'>balis</span> <span class='ocrx_word' id='word_1_114' title='bbox 290 883 548 924; x_wconf 86' lang='lat' dir='ltr'>satellitibus</span> <span class='ocrx_word' id='word_1_115' title='bbox 579 882 667 923; x_wconf 90' lang='lat' dir='ltr'>iam</span> <span class='ocrx_word' id='word_1_116' title='bbox 698 883 815 923; x_wconf 86' lang='lat' dir='ltr'>laeta</span> <span class='ocrx_word' id='word_1_117' title='bbox 846 886 963 936; x_wconf 69' lang='lat' dir='ltr'>sunt,</span> <span class='ocrx_word' id='word_1_118' title='bbox 994 883 1101 924; x_wconf 90' lang='lat' dir='ltr'>mihi</span> <span class='ocrx_word' id='word_1_119' title='bbox 1126 884 1310 936; x_wconf 89' lang='lat' dir='ltr'>possunt</span> <span class='ocrx_word' id='word_1_120' title='bbox 1335 883 1450 923; x_wconf 87' lang='lat' dir='ltr'>laeta</span> <span class='ocrx_word' id='word_1_121' title='bbox 1475 896 1579 936; x_wconf 91' lang='lat' dir='ltr'>esse,</span> <span class='ocrx_word' id='word_1_122' title='bbox 1611 881 1710 936; x_wconf 87' lang='lat' dir='ltr'>quia</span> 
     </span>
     <span class='ocr_line' id='line_1_17' title="bbox 145 941 1707 996; baseline -0.002 -12"><span class='ocrx_word' id='word_1_123' title='bbox 145 957 213 984; x_wconf 89' lang='lat' dir='ltr'>res</span> <span class='ocrx_word' id='word_1_124' title='bbox 245 943 359 983; x_wconf 91' lang='lat' dir='ltr'>bello</span> <span class='ocrx_word' id='word_1_125' title='bbox 393 942 501 983; x_wconf 90' lang='lat' dir='ltr'>bene</span> <span class='ocrx_word' id='word_1_126' title='bbox 534 944 698 996; x_wconf 87' lang='lat' dir='ltr'>gestae,</span> <span class='ocrx_word' id='word_1_127' title='bbox 744 941 781 982; x_wconf 91' lang='lat' dir='ltr'>si</span> <span class='ocrx_word' id='word_1_128' title='bbox 817 942 1013 983; x_wconf 87' lang='lat' dir='ltr'>volumus</span> <span class='ocrx_word' id='word_1_129' title='bbox 1051 941 1227 983; x_wconf 83' lang='lat' dir='ltr'>fortuna</span> <span class='ocrx_word' id='word_1_130' title='bbox 1265 941 1347 994; x_wconf 91' lang='lat' dir='ltr'>uti,</span> <span class='ocrx_word' id='word_1_131' title='bbox 1390 955 1540 995; x_wconf 84' lang='lat' dir='ltr'>pacem</span> <span class='ocrx_word' id='word_1_132' title='bbox 1581 941 1707 982; x_wconf 90' lang='lat' dir='ltr'>nobis</span> 
     </span>
     <span class='ocr_line' id='line_1_18' title="bbox 149 1000 1771 1056; baseline -0.002 -14"><span class='ocrx_word' id='word_1_133' title='bbox 149 1001 393 1056; x_wconf 87' lang='lat' dir='ltr'>aequiorem</span> <span class='ocrx_word' id='word_1_134' title='bbox 425 1001 605 1042; x_wconf 86' lang='lat' dir='ltr'>dabunt:</span> <span class='ocrx_word' id='word_1_135' title='bbox 649 1015 751 1041; x_wconf 89' lang='lat' dir='ltr'>nam</span> <span class='ocrx_word' id='word_1_136' title='bbox 790 1001 825 1042; x_wconf 91' lang='lat' dir='ltr'>si</span> <span class='ocrx_word' id='word_1_137' title='bbox 863 1001 1247 1054; x_wconf 88' lang='lat' dir='ltr'>praetermittimus</span> <span class='ocrx_word' id='word_1_138' title='bbox 1279 1000 1361 1042; x_wconf 91' lang='lat' dir='ltr'>hoc</span> <span class='ocrx_word' id='word_1_139' title='bbox 1394 1003 1582 1054; x_wconf 86' lang='lat' dir='ltr'>tempus,</span> <span class='ocrx_word' id='word_1_140' title='bbox 1626 1014 1708 1054; x_wconf 86' lang='lat' dir='ltr'>quo</span> <span class='ocrx_word' id='word_1_141' title='bbox 1731 1008 1771 1037; x_wconf 75' lang='lat'>12</span> 
     </span>
     <span class='ocr_line' id='line_1_19' title="bbox 145 1060 1710 1116; baseline -0.001 -15"><span class='ocrx_word' id='word_1_142' title='bbox 145 1061 285 1116; x_wconf 87' lang='lat' dir='ltr'>magis</span> <span class='ocrx_word' id='word_1_143' title='bbox 319 1060 419 1101; x_wconf 87' lang='lat' dir='ltr'>dare</span> <span class='ocrx_word' id='word_1_144' title='bbox 451 1075 579 1114; x_wconf 89' lang='lat' dir='ltr'>quam</span> <span class='ocrx_word' id='word_1_145' title='bbox 611 1060 802 1113; x_wconf 89' lang='lat' dir='ltr'>accipere</span> <span class='ocrx_word' id='word_1_146' title='bbox 834 1074 1060 1114; x_wconf 90' lang='lat' dir='ltr'>possumus</span> <span class='ocrx_word' id='word_1_147' title='bbox 1093 1060 1225 1100; x_wconf 86' lang='lat' dir='ltr'>videri</span> <span class='ocrx_word' id='word_1_148' title='bbox 1256 1074 1425 1113; x_wconf 86' lang='lat' dir='ltr'>pacem,</span> <span class='ocrx_word' id='word_1_149' title='bbox 1465 1073 1625 1112; x_wconf 82' lang='lat' dir='ltr'>vereor,</span> <span class='ocrx_word' id='word_1_150' title='bbox 1656 1073 1710 1098; x_wconf 90' lang='lat' dir='ltr'>ne</span> 
     </span>
     <span class='ocr_line' id='line_1_20' title="bbox 146 1118 1772 1173; baseline -0.003 -12"><span class='ocrx_word' id='word_1_151' title='bbox 146 1120 251 1161; x_wconf 87' lang='lat' dir='ltr'>haec</span> <span class='ocrx_word' id='word_1_152' title='bbox 279 1133 446 1173; x_wconf 87' lang='lat' dir='ltr'>quoque</span> <span class='ocrx_word' id='word_1_153' title='bbox 473 1118 638 1160; x_wconf 87' lang='lat' dir='ltr'>laetitia</span> <span class='ocrx_word' id='word_1_154' title='bbox 664 1119 850 1159; x_wconf 85' lang='lat' dir='ltr'>luxuriet</span> <span class='ocrx_word' id='word_1_155' title='bbox 875 1119 1000 1160; x_wconf 89' lang='lat' dir='ltr'>nobis</span> <span class='ocrx_word' id='word_1_156' title='bbox 1021 1133 1069 1160; x_wconf 89' lang='lat' dir='ltr'>ac</span> <span class='ocrx_word' id='word_1_157' title='bbox 1089 1133 1201 1160; x_wconf 85' lang='lat' dir='ltr'>vana</span> <span class='ocrx_word' id='word_1_158' title='bbox 1221 1118 1387 1159; x_wconf 83' lang='lat' dir='ltr'>evadat.</span> <span class='ocrx_word' id='word_1_159' title='bbox 1439 1132 1546 1172; x_wconf 84' lang='lat' dir='ltr'>quae</span> <span class='ocrx_word' id='word_1_160' title='bbox 1565 1120 1711 1159; x_wconf 89' lang='lat' dir='ltr'>tamen</span> <span class='ocrx_word' id='word_1_161' title='bbox 1730 1126 1772 1156; x_wconf 83' lang='lat'>13</span> 
     </span>
     <span class='ocr_line' id='line_1_21' title="bbox 148 1177 1711 1232; baseline -0.002 -13"><span class='ocrx_word' id='word_1_162' title='bbox 148 1192 260 1220; x_wconf 85' lang='lat' dir='ltr'>nunc</span> <span class='ocrx_word' id='word_1_163' title='bbox 293 1192 460 1232; x_wconf 90' lang='lat' dir='ltr'>quoque</span> <span class='ocrx_word' id='word_1_164' title='bbox 493 1178 630 1232; x_wconf 89' lang='lat' dir='ltr'>qualis</span> <span class='ocrx_word' id='word_1_165' title='bbox 665 1177 757 1218; x_wconf 78' lang='lat' dir='ltr'>est?</span> <span class='ocrx_word' id='word_1_166' title='bbox 798 1177 948 1219; x_wconf 77' lang='lat' dir='ltr'>‘occidi</span> <span class='ocrx_word' id='word_1_167' title='bbox 980 1179 1188 1219; x_wconf 86' lang='lat' dir='ltr'>exercitus</span> <span class='ocrx_word' id='word_1_168' title='bbox 1220 1177 1431 1231; x_wconf 68' lang='lat' dir='ltr'>hostium,</span> <span class='ocrx_word' id='word_1_169' title='bbox 1465 1200 1520 1206; x_wconf 94' lang='lat'>—</span> <span class='ocrx_word' id='word_1_170' title='bbox 1553 1177 1711 1217; x_wconf 88' lang='lat' dir='ltr'>mittite</span> 
     </span>
     <span class='ocr_line' id='line_1_22' title="bbox 149 1235 1774 1291; baseline -0.002 -13"><span class='ocrx_word' id='word_1_171' title='bbox 149 1238 308 1279; x_wconf 91' lang='lat' dir='ltr'>milites</span> <span class='ocrx_word' id='word_1_172' title='bbox 346 1236 480 1277; x_wconf 88' lang='lat' dir='ltr'>mihi&#39;.</span> <span class='ocrx_word' id='word_1_173' title='bbox 529 1237 630 1291; x_wconf 89' lang='lat' dir='ltr'>quid</span> <span class='ocrx_word' id='word_1_174' title='bbox 676 1236 790 1277; x_wconf 87' lang='lat' dir='ltr'>aliud</span> <span class='ocrx_word' id='word_1_175' title='bbox 827 1250 1021 1291; x_wconf 88' lang='lat' dir='ltr'>rogares,</span> <span class='ocrx_word' id='word_1_176' title='bbox 1066 1237 1102 1278; x_wconf 90' lang='lat' dir='ltr'>si</span> <span class='ocrx_word' id='word_1_177' title='bbox 1142 1251 1256 1278; x_wconf 88' lang='lat' dir='ltr'>esses</span> <span class='ocrx_word' id='word_1_178' title='bbox 1293 1236 1461 1278; x_wconf 75' lang='lat' dir='ltr'>victus?</span> <span class='ocrx_word' id='word_1_179' title='bbox 1508 1235 1714 1277; x_wconf 68' lang='lat' dir='ltr'>‘hostium</span> <span class='ocrx_word' id='word_1_180' title='bbox 1733 1244 1774 1274; x_wconf 76' lang='lat'>14</span> 
     </span>
     <span class='ocr_line' id='line_1_23' title="bbox 150 1295 1716 1350; baseline -0.001 -13"><span class='ocrx_word' id='word_1_181' title='bbox 150 1296 243 1350; x_wconf 89' lang='lat' dir='ltr'>cepi</span> <span class='ocrx_word' id='word_1_182' title='bbox 274 1296 377 1337; x_wconf 92' lang='lat' dir='ltr'>bina</span> <span class='ocrx_word' id='word_1_183' title='bbox 409 1295 580 1350; x_wconf 86' lang='lat' dir='ltr'>castra&#39;,</span> <span class='ocrx_word' id='word_1_184' title='bbox 612 1296 795 1349; x_wconf 88' lang='lat' dir='ltr'>praedae</span> <span class='ocrx_word' id='word_1_185' title='bbox 828 1295 1200 1350; x_wconf 73' lang='lat' dir='ltr'>videlicet-plena</span> <span class='ocrx_word' id='word_1_186' title='bbox 1240 1298 1282 1337; x_wconf 92' lang='lat' dir='ltr'>et</span> <span class='ocrx_word' id='word_1_187' title='bbox 1320 1297 1626 1347; x_wconf 82' lang='lat' dir='ltr'>commeatum3</span> <span class='ocrx_word' id='word_1_188' title='bbox 1657 1317 1716 1323; x_wconf 92' lang='lat'>—</span> 
     </span>
     <span class='ocr_line' id='line_1_24' title="bbox 151 1352 1716 1410; baseline -0.002 -14"><span class='ocrx_word' id='word_1_189' title='bbox 151 1355 432 1396; x_wconf 71' lang='lat' dir='ltr'>‘frumentum</span> <span class='ocrx_word' id='word_1_190' title='bbox 477 1357 519 1395; x_wconf 89' lang='lat' dir='ltr'>et</span> <span class='ocrx_word' id='word_1_191' title='bbox 561 1355 786 1408; x_wconf 86' lang='lat' dir='ltr'>pecuniam</span> <span class='ocrx_word' id='word_1_192' title='bbox 831 1354 956 1396; x_wconf 85' lang='lat' dir='ltr'>date&#39;.</span> <span class='ocrx_word' id='word_1_193' title='bbox 1008 1355 1109 1410; x_wconf 89' lang='lat' dir='ltr'>quid</span> <span class='ocrx_word' id='word_1_194' title='bbox 1150 1354 1285 1408; x_wconf 84' lang='lat' dir='ltr'>aliud,</span> <span class='ocrx_word' id='word_1_195' title='bbox 1331 1354 1367 1395; x_wconf 92' lang='lat' dir='ltr'>si</span> <span class='ocrx_word' id='word_1_196' title='bbox 1406 1354 1634 1408; x_wconf 89' lang='lat' dir='ltr'>spoliatus,</span> <span class='ocrx_word' id='word_1_197' title='bbox 1680 1352 1716 1394; x_wconf 87' lang='lat' dir='ltr'>si</span> 
     </span>
     <span class='ocr_line' id='line_1_25' title="bbox 152 1411 1779 1467; baseline -0.002 -12"><span class='ocrx_word' id='word_1_198' title='bbox 152 1418 302 1456; x_wconf 81' lang='lat' dir='ltr'>exutus</span> <span class='ocrx_word' id='word_1_199' title='bbox 337 1414 487 1455; x_wconf 83' lang='lat' dir='ltr'>castris</span> <span class='ocrx_word' id='word_1_200' title='bbox 521 1428 648 1467; x_wconf 89' lang='lat' dir='ltr'>esses,</span> <span class='ocrx_word' id='word_1_201' title='bbox 680 1413 880 1467; x_wconf 79' lang='lat' dir='ltr'>peteres?</span> <span class='ocrx_word' id='word_1_202' title='bbox 914 1417 956 1455; x_wconf 89' lang='lat' dir='ltr'>et</span> <span class='ocrx_word' id='word_1_203' title='bbox 986 1429 1040 1455; x_wconf 90' lang='lat' dir='ltr'>ne</span> <span class='ocrx_word' id='word_1_204' title='bbox 1075 1414 1217 1455; x_wconf 90' lang='lat' dir='ltr'>omnia</span> <span class='ocrx_word' id='word_1_205' title='bbox 1249 1413 1340 1467; x_wconf 89' lang='lat' dir='ltr'>ipse</span> <span class='ocrx_word' id='word_1_206' title='bbox 1373 1413 1502 1454; x_wconf 86' lang='lat' dir='ltr'>mirer</span> <span class='ocrx_word' id='word_1_207' title='bbox 1530 1437 1580 1442; x_wconf 90' lang='lat'>—</span> <span class='ocrx_word' id='word_1_208' title='bbox 1612 1411 1717 1453; x_wconf 92' lang='lat' dir='ltr'>mihi</span> <span class='ocrx_word' id='word_1_209' title='bbox 1736 1421 1779 1452; x_wconf 79' lang='lat'>15</span> 
     </span>
     <span class='ocr_line' id='line_1_26' title="bbox 153 1471 1719 1528; baseline -0.002 -13"><span class='ocrx_word' id='word_1_210' title='bbox 153 1487 320 1528; x_wconf 87' lang='lat' dir='ltr'>quoque</span> <span class='ocrx_word' id='word_1_211' title='bbox 353 1473 480 1527; x_wconf 88' lang='lat' dir='ltr'>enim,</span> <span class='ocrx_word' id='word_1_212' title='bbox 513 1473 715 1527; x_wconf 87' lang='lat' dir='ltr'>quoniam</span> <span class='ocrx_word' id='word_1_213' title='bbox 743 1473 947 1527; x_wconf 85' lang='lat' dir='ltr'>respondi</span> <span class='ocrx_word' id='word_1_214' title='bbox 971 1472 1218 1526; x_wconf 89' lang='lat' dir='ltr'>Himilconi,</span> <span class='ocrx_word' id='word_1_215' title='bbox 1249 1472 1518 1527; x_wconf 85' lang='lat' dir='ltr'>interrogare</span> <span class='ocrx_word' id='word_1_216' title='bbox 1545 1472 1610 1513; x_wconf 88' lang='lat' dir='ltr'>ius</span> <span class='ocrx_word' id='word_1_217' title='bbox 1637 1471 1719 1512; x_wconf 87' lang='lat' dir='ltr'>fas-</span> 
     </span>
    </p>
   </div>
   <div class='ocr_carea' id='block_1_7' title="bbox 152 1612 912 2881">
    <p class='ocr_par' dir='ltr' id='par_1_7' title="bbox 152 1612 904 1750">
     <span class='ocr_line' id='line_1_27' title="bbox 200 1612 904 1657; baseline -0.003 -9"><span class='ocrx_word' id='word_1_218' title='bbox 200 1616 232 1648; x_wconf 86' lang='lat'>8.</span> <span class='ocrx_word' id='word_1_219' title='bbox 267 1615 343 1647; x_wconf 82' lang='lat' dir='ltr'>tum</span> <span class='ocrx_word' id='word_1_220' title='bbox 368 1612 528 1657; x_wconf 85' lang='lat' dir='ltr'>Hanno]</span> <span class='ocrx_word' id='word_1_221' title='bbox 557 1623 631 1657; x_wconf 87' lang='lat' dir='ltr'>erg.</span> <span class='ocrx_word' id='word_1_222' title='bbox 658 1613 792 1657; x_wconf 84' lang='lat' dir='ltr'>inquit,</span> <span class='ocrx_word' id='word_1_223' title='bbox 818 1612 904 1647; x_wconf 84' lang='lat' dir='ltr'>wel-</span> 
     </span>
     <span class='ocr_line' id='line_1_28' title="bbox 153 1658 904 1704; baseline 0 -10"><span class='ocrx_word' id='word_1_224' title='bbox 153 1661 240 1694; x_wconf 87' lang='lat' dir='ltr'>ches</span> <span class='ocrx_word' id='word_1_225' title='bbox 266 1659 322 1694; x_wconf 85' lang='lat' dir='ltr'>oft</span> <span class='ocrx_word' id='word_1_226' title='bbox 348 1659 409 1694; x_wconf 90' lang='lat' dir='ltr'>bei</span> <span class='ocrx_word' id='word_1_227' title='bbox 433 1658 576 1704; x_wconf 86' lang='lat' dir='ltr'>Beginn</span> <span class='ocrx_word' id='word_1_228' title='bbox 604 1659 706 1694; x_wconf 89' lang='lat' dir='ltr'>einer</span> <span class='ocrx_word' id='word_1_229' title='bbox 732 1659 904 1694; x_wconf 84' lang='lat' dir='ltr'>direkten</span> 
     </span>
     <span class='ocr_line' id='line_1_29' title="bbox 152 1706 635 1750; baseline -0.002 -9"><span class='ocrx_word' id='word_1_230' title='bbox 152 1707 254 1741; x_wconf 86' lang='lat' dir='ltr'>Rede</span> <span class='ocrx_word' id='word_1_231' title='bbox 280 1706 377 1741; x_wconf 86' lang='lat' dir='ltr'>fehlt</span> <span class='ocrx_word' id='word_1_232' title='bbox 407 1707 478 1750; x_wconf 87' lang='lat'>(21,</span> <span class='ocrx_word' id='word_1_233' title='bbox 506 1710 560 1749; x_wconf 87' lang='lat'>10,</span> <span class='ocrx_word' id='word_1_234' title='bbox 588 1710 635 1750; x_wconf 86' lang='lat'>4).</span> 
     </span>
    </p>

    <p class='ocr_par' dir='ltr' id='par_1_8' title="bbox 159 1754 907 2081">
     <span class='ocr_line' id='line_1_30' title="bbox 205 1754 904 1799; baseline -0.001 -11"><span class='ocrx_word' id='word_1_235' title='bbox 205 1758 236 1788; x_wconf 83' lang='lat'>9.</span> <span class='ocrx_word' id='word_1_236' title='bbox 276 1754 460 1799; x_wconf 75' lang='lat' dir='ltr'>reticeam]</span> <span class='ocrx_word' id='word_1_237' title='bbox 499 1754 627 1797; x_wconf 90' lang='lat' dir='ltr'>„nicht</span> <span class='ocrx_word' id='word_1_238' title='bbox 660 1754 904 1797; x_wconf 84' lang='lat' dir='ltr'>antworten“,</span> 
     </span>
     <span class='ocr_line' id='line_1_31' title="bbox 159 1800 905 1845; baseline 0 -11"><span class='ocrx_word' id='word_1_239' title='bbox 159 1800 230 1834; x_wconf 86' lang='lat' dir='ltr'>mit</span> <span class='ocrx_word' id='word_1_240' title='bbox 263 1800 365 1844; x_wconf 72' lang='lat' dir='ltr'>Dat,</span> <span class='ocrx_word' id='word_1_241' title='bbox 405 1801 500 1835; x_wconf 90' lang='lat' dir='ltr'>auch</span> <span class='ocrx_word' id='word_1_242' title='bbox 536 1805 573 1843; x_wconf 90' lang='lat'>3,</span> <span class='ocrx_word' id='word_1_243' title='bbox 600 1805 663 1845; x_wconf 87' lang='lat'>41,</span> <span class='ocrx_word' id='word_1_244' title='bbox 691 1805 730 1843; x_wconf 77' lang='lat'>33</span> <span class='ocrx_word' id='word_1_245' title='bbox 769 1801 905 1835; x_wconf 87' lang='lat' dir='ltr'>ebenso</span> 
     </span>
     <span class='ocr_line' id='line_1_32' title="bbox 161 1846 904 1892; baseline -0.001 -10"><span class='ocrx_word' id='word_1_246' title='bbox 161 1851 276 1882; x_wconf 85' lang='lat' dir='ltr'>tacere</span> <span class='ocrx_word' id='word_1_247' title='bbox 302 1851 359 1891; x_wconf 89' lang='lat'>42,</span> <span class='ocrx_word' id='word_1_248' title='bbox 379 1851 436 1890; x_wconf 84' lang='lat'>40,</span> <span class='ocrx_word' id='word_1_249' title='bbox 459 1851 512 1882; x_wconf 92' lang='lat'>10.</span> <span class='ocrx_word' id='word_1_250' title='bbox 535 1868 578 1873; x_wconf 97' lang='lat'>—</span> <span class='ocrx_word' id='word_1_251' title='bbox 604 1847 799 1892; x_wconf 76' lang='lat' dir='ltr'>superbus]</span> <span class='ocrx_word' id='word_1_252' title='bbox 820 1846 904 1891; x_wconf 71' lang='lat' dir='ltr'>Vgl.</span> 
     </span>
     <span class='ocr_line' id='line_1_33' title="bbox 162 1895 907 1938; baseline 0.001 -10"><span class='ocrx_word' id='word_1_253' title='bbox 162 1898 219 1937; x_wconf 90' lang='lat'>42,</span> <span class='ocrx_word' id='word_1_254' title='bbox 246 1898 302 1936; x_wconf 84' lang='lat'>40,</span> <span class='ocrx_word' id='word_1_255' title='bbox 333 1898 374 1928; x_wconf 88' lang='grc'>10</span> <span class='ocrx_word' id='word_1_256' title='bbox 401 1895 588 1938; x_wconf 74' lang='lat' dir='ltr'>quaerenti</span> <span class='ocrx_word' id='word_1_257' title='bbox 618 1896 687 1929; x_wconf 80' lang='lat' dir='ltr'>tibi</span> <span class='ocrx_word' id='word_1_258' title='bbox 715 1895 907 1938; x_wconf 77' lang='lat' dir='ltr'>superbius</span> 
     </span>
     <span class='ocr_line' id='line_1_34' title="bbox 165 1942 906 1986; baseline -0.001 -10"><span class='ocrx_word' id='word_1_259' title='bbox 165 1943 419 1984; x_wconf 75' lang='lat' dir='ltr'>tacuissemus,</span> <span class='ocrx_word' id='word_1_260' title='bbox 455 1953 564 1986; x_wconf 86' lang='lat' dir='ltr'>quam</span> <span class='ocrx_word' id='word_1_261' title='bbox 600 1953 686 1977; x_wconf 83' lang='lat' dir='ltr'>vera</span> <span class='ocrx_word' id='word_1_262' title='bbox 720 1942 906 1985; x_wconf 73' lang='lat' dir='ltr'>respondi-</span> 
     </span>
     <span class='ocr_line' id='line_1_35' title="bbox 162 1987 906 2032; baseline 0 -9"><span class='ocrx_word' id='word_1_263' title='bbox 162 1999 259 2029; x_wconf 66' lang='grc' dir='ltr'>πῖνε,-</span> <span class='ocrx_word' id='word_1_264' title='bbox 285 1987 358 2023; x_wconf 91' lang='lat' dir='ltr'>Cic.</span> <span class='ocrx_word' id='word_1_265' title='bbox 379 1989 478 2024; x_wconf 86' lang='lat' dir='ltr'>Fam.</span> <span class='ocrx_word' id='word_1_266' title='bbox 497 1993 528 2032; x_wconf 93' lang='lat'>1,</span> <span class='ocrx_word' id='word_1_267' title='bbox 545 1992 606 2031; x_wconf 80' lang='lat'>103</span> <span class='ocrx_word' id='word_1_268' title='bbox 630 1990 736 2023; x_wconf 87' lang='lat' dir='ltr'>Tusc.</span> <span class='ocrx_word' id='word_1_269' title='bbox 756 1992 833 2032; x_wconf 87' lang='lat'>1,8,</span> <span class='ocrx_word' id='word_1_270' title='bbox 852 1992 906 2023; x_wconf 83' lang='lat'>17.</span> 
     </span>
     <span class='ocr_line' id='line_1_36' title="bbox 165 2035 786 2081; baseline 0 -11"><span class='ocrx_word' id='word_1_271' title='bbox 165 2055 209 2061; x_wconf 94' lang='lat'><em>-</em></span> <span class='ocrx_word' id='word_1_272' title='bbox 236 2036 429 2081; x_wconf 75' lang='lat' dir='ltr'>obnoxius]</span> <span class='ocrx_word' id='word_1_273' title='bbox 458 2036 673 2080; x_wconf 86' lang='lat' dir='ltr'>furchtsam,</span> <span class='ocrx_word' id='word_1_274' title='bbox 699 2035 786 2080; x_wconf 84' lang='lat' dir='ltr'>feig.</span> 
     </span>
    </p>

    <p class='ocr_par' dir='ltr' id='par_1_9' title="bbox 162 2083 912 2834">
     <span class='ocr_line' id='line_1_37' title="bbox 213 2083 906 2128; baseline -0.001 -11"><span class='ocrx_word' id='word_1_275' title='bbox 213 2086 266 2117; x_wconf 89' lang='lat'>10.</span> <span class='ocrx_word' id='word_1_276' title='bbox 288 2083 538 2128; x_wconf 71' lang='lat' dir='ltr'>respondeam]</span> <span class='ocrx_word' id='word_1_277' title='bbox 560 2084 644 2126; x_wconf 86' lang='lat' dir='ltr'>„ich</span> <span class='ocrx_word' id='word_1_278' title='bbox 663 2083 812 2117; x_wconf 71' lang='lat' dir='ltr'>mochte</span> <span class='ocrx_word' id='word_1_279' title='bbox 828 2083 906 2117; x_wconf 85' lang='lat' dir='ltr'>ant-</span> 
     </span>
     <span class='ocr_line' id='line_1_38' title="bbox 162 2129 906 2174; baseline -0.001 -10"><span class='ocrx_word' id='word_1_280' title='bbox 162 2131 345 2174; x_wconf 85' lang='lat' dir='ltr'>worten“,</span> <span class='ocrx_word' id='word_1_281' title='bbox 378 2131 490 2164; x_wconf 76' lang='lat' dir='ltr'>n&#39;aml.</span> <span class='ocrx_word' id='word_1_282' title='bbox 519 2141 649 2173; x_wconf 84' lang='lat' dir='ltr'>„wenn</span> <span class='ocrx_word' id='word_1_283' title='bbox 680 2130 777 2166; x_wconf 91' lang='lat' dir='ltr'>Him.</span> <span class='ocrx_word' id='word_1_284' title='bbox 808 2129 906 2164; x_wconf 85' lang='lat' dir='ltr'>mich</span> 
     </span>
     <span class='ocr_line' id='line_1_39' title="bbox 165 2177 909 2221; baseline 0 -10"><span class='ocrx_word' id='word_1_285' title='bbox 165 2177 330 2212; x_wconf 74' lang='lat' dir='ltr'>anhoren</span> <span class='ocrx_word' id='word_1_286' title='bbox 355 2177 455 2211; x_wconf 87' lang='lat' dir='ltr'>will“</span> <span class='ocrx_word' id='word_1_287' title='bbox 483 2178 573 2221; x_wconf 87' lang='lat' dir='ltr'>(vgl.</span> <span class='ocrx_word' id='word_1_288' title='bbox 600 2182 663 2220; x_wconf 91' lang='lat'>21,</span> <span class='ocrx_word' id='word_1_289' title='bbox 694 2181 753 2220; x_wconf 89' lang='lat'>18,</span> <span class='ocrx_word' id='word_1_290' title='bbox 781 2181 819 2219; x_wconf 73' lang='grc' dir='ltr'>ὃς</span> <span class='ocrx_word' id='word_1_291' title='bbox 853 2181 909 2220; x_wconf 91' lang='grc'>22,</span> 
     </span>
     <span class='ocr_line' id='line_1_40' title="bbox 164 2225 910 2270; baseline -0.001 -12"><span class='ocrx_word' id='word_1_292' title='bbox 164 2227 221 2267; x_wconf 88' lang='grc'>59,</span> <span class='ocrx_word' id='word_1_293' title='bbox 250 2226 318 2268; x_wconf 91' lang='grc'><strong>13).</strong></span> <span class='ocrx_word' id='word_1_294' title='bbox 346 2244 390 2249; x_wconf 89' lang='grc'>-</span> <span class='ocrx_word' id='word_1_295' title='bbox 416 2225 554 2270; x_wconf 87' lang='lat' dir='ltr'>inquit]</span> <span class='ocrx_word' id='word_1_296' title='bbox 588 2225 696 2268; x_wconf 78' lang='lat' dir='ltr'>„fuhr</span> <span class='ocrx_word' id='word_1_297' title='bbox 728 2235 768 2259; x_wconf 85' lang='lat' dir='ltr'>er</span> <span class='ocrx_word' id='word_1_298' title='bbox 800 2225 910 2268; x_wconf 75' lang='lat' dir='ltr'>fort“,</span> 
     </span>
     <span class='ocr_line' id='line_1_41' title="bbox 166 2270 909 2316; baseline -0.001 -10"><span class='ocrx_word' id='word_1_299' title='bbox 166 2270 449 2316; x_wconf 84' lang='lat' dir='ltr'>eingeschoben,</span> <span class='ocrx_word' id='word_1_300' title='bbox 475 2273 560 2306; x_wconf 84' lang='lat' dir='ltr'>weil</span> <span class='ocrx_word' id='word_1_301' title='bbox 580 2272 645 2306; x_wconf 90' lang='lat' dir='ltr'>der</span> <span class='ocrx_word' id='word_1_302' title='bbox 664 2271 811 2306; x_wconf 86' lang='lat' dir='ltr'>Redner</span> <span class='ocrx_word' id='word_1_303' title='bbox 831 2272 909 2305; x_wconf 87' lang='lat' dir='ltr'>sich</span> 
     </span>
     <span class='ocr_line' id='line_1_42' title="bbox 164 2318 910 2353; baseline 0.001 -1"><span class='ocrx_word' id='word_1_304' title='bbox 164 2318 245 2353; x_wconf 86' lang='lat' dir='ltr'>hier</span> <span class='ocrx_word' id='word_1_305' title='bbox 284 2329 331 2352; x_wconf 89' lang='lat' dir='ltr'>an</span> <span class='ocrx_word' id='word_1_306' title='bbox 364 2318 524 2353; x_wconf 86' lang='lat' dir='ltr'>Himilco</span> <span class='ocrx_word' id='word_1_307' title='bbox 559 2319 706 2353; x_wconf 87' lang='lat' dir='ltr'>wendet</span> <span class='ocrx_word' id='word_1_308' title='bbox 743 2319 819 2353; x_wconf 85' lang='lat' dir='ltr'>und</span> <span class='ocrx_word' id='word_1_309' title='bbox 852 2318 910 2353; x_wconf 87' lang='lat' dir='ltr'>die</span> 
     </span>
     <span class='ocr_line' id='line_1_43' title="bbox 167 2365 910 2410; baseline 0 -11"><span class='ocrx_word' id='word_1_310' title='bbox 167 2365 391 2410; x_wconf 86' lang='lat' dir='ltr'>eigentliehe</span> <span class='ocrx_word' id='word_1_311' title='bbox 411 2366 583 2400; x_wconf 82' lang='lat' dir='ltr'>Antwort</span> <span class='ocrx_word' id='word_1_312' title='bbox 608 2365 764 2410; x_wconf 86' lang='lat' dir='ltr'>beginnt</span> <span class='ocrx_word' id='word_1_313' title='bbox 785 2369 831 2410; x_wconf 91' lang='lat'>(3,</span> <span class='ocrx_word' id='word_1_314' title='bbox 855 2370 910 2409; x_wconf 90' lang='lat'>19,</span> 
     </span>
     <span class='ocr_line' id='line_1_44' title="bbox 168 2412 910 2457; baseline 0.001 -11"><span class='ocrx_word' id='word_1_315' title='bbox 168 2414 237 2456; x_wconf 89' lang='lat'>12).</span> <span class='ocrx_word' id='word_1_316' title='bbox 266 2432 309 2437; x_wconf 94' lang='lat'>—</span> <span class='ocrx_word' id='word_1_317' title='bbox 341 2412 411 2457; x_wconf 87' lang='lat' dir='ltr'>me]</span> <span class='ocrx_word' id='word_1_318' title='bbox 445 2412 551 2446; x_wconf 89' lang='lat' dir='ltr'>nicht</span> <span class='ocrx_word' id='word_1_319' title='bbox 582 2412 720 2457; x_wconf 83' lang='lat' dir='ltr'>Objekt</span> <span class='ocrx_word' id='word_1_320' title='bbox 751 2425 795 2447; x_wconf 91' lang='lat' dir='ltr'>zu</span> <span class='ocrx_word' id='word_1_321' title='bbox 826 2424 910 2456; x_wconf 74' lang='lat' dir='ltr'>pac-</span> 
     </span>
     <span class='ocr_line' id='line_1_45' title="bbox 164 2459 910 2503; baseline 0 -9"><span class='ocrx_word' id='word_1_322' title='bbox 164 2460 297 2502; x_wconf 84' lang='lat' dir='ltr'>nitere‚</span> <span class='ocrx_word' id='word_1_323' title='bbox 330 2461 489 2494; x_wconf 82' lang='lat' dir='ltr'>sondern</span> <span class='ocrx_word' id='word_1_324' title='bbox 516 2459 675 2503; x_wconf 84' lang='lat' dir='ltr'>Subjekt</span> <span class='ocrx_word' id='word_1_325' title='bbox 700 2471 743 2493; x_wconf 90' lang='lat' dir='ltr'>zu</span> <span class='ocrx_word' id='word_1_326' title='bbox 770 2461 910 2502; x_wconf 81' lang='lat' dir='ltr'>desisse,</span> 
     </span>
     <span class='ocr_line' id='line_1_46' title="bbox 166 2506 912 2551; baseline -0.001 -10"><span class='ocrx_word' id='word_1_327' title='bbox 166 2506 235 2541; x_wconf 86' lang='lat' dir='ltr'>wie</span> <span class='ocrx_word' id='word_1_328' title='bbox 274 2507 474 2541; x_wconf 81' lang='lat' dir='ltr'>desiturum</span> <span class='ocrx_word' id='word_1_329' title='bbox 607 2507 776 2541; x_wconf 72' lang='lat' dir='ltr'>incusare</span> <span class='ocrx_word' id='word_1_330' title='bbox 814 2506 912 2551; x_wconf 82' lang='lat' dir='ltr'>zeigt</span> 
     </span>
     <span class='ocr_line' id='line_1_47' title="bbox 167 2554 910 2598; baseline 0 -11"><span class='ocrx_word' id='word_1_331' title='bbox 167 2554 214 2596; x_wconf 89' lang='grc'>(3,</span> <span class='ocrx_word' id='word_1_332' title='bbox 242 2557 274 2597; x_wconf 92' lang='grc'>2,</span> <span class='ocrx_word' id='word_1_333' title='bbox 303 2558 342 2596; x_wconf 89' lang='grc'>4;</span> <span class='ocrx_word' id='word_1_334' title='bbox 377 2558 432 2597; x_wconf 89' lang='lat'>22,</span> <span class='ocrx_word' id='word_1_335' title='bbox 461 2558 516 2597; x_wconf 92' lang='lat'>12,</span> <span class='ocrx_word' id='word_1_336' title='bbox 547 2556 613 2595; x_wconf 76' lang='lat' dir='ltr'>lo),</span> <span class='ocrx_word' id='word_1_337' title='bbox 642 2573 685 2578; x_wconf 84' lang='lat'>—</span> <span class='ocrx_word' id='word_1_338' title='bbox 717 2554 910 2598; x_wconf 69' lang='lat' dir='ltr'>invictum]</span> 
     </span>
     <span class='ocr_line' id='line_1_48' title="bbox 168 2600 911 2645; baseline 0 -10"><span class='ocrx_word' id='word_1_339' title='bbox 168 2600 333 2635; x_wconf 86' lang='lat' dir='ltr'>Beachte</span> <span class='ocrx_word' id='word_1_340' title='bbox 359 2601 418 2635; x_wconf 90' lang='lat' dir='ltr'>die</span> <span class='ocrx_word' id='word_1_341' title='bbox 445 2600 575 2635; x_wconf 85' lang='lat' dir='ltr'>Ironie.</span> <span class='ocrx_word' id='word_1_342' title='bbox 598 2621 642 2625; x_wconf 94' lang='lat'>—</span> <span class='ocrx_word' id='word_1_343' title='bbox 663 2600 800 2645; x_wconf 78' lang='lat' dir='ltr'>videro]</span> <span class='ocrx_word' id='word_1_344' title='bbox 828 2601 911 2635; x_wconf 90' lang='lat' dir='ltr'>Fut.</span> 
     </span>
     <span class='ocr_line' id='line_1_49' title="bbox 169 2646 912 2693; baseline -0.003 -11"><span class='ocrx_word' id='word_1_345' title='bbox 169 2658 223 2683; x_wconf 63' lang='grc' dir='ltr'>εχ.</span> <span class='ocrx_word' id='word_1_346' title='bbox 258 2647 376 2691; x_wconf 89' lang='lat' dir='ltr'>(nicht</span> <span class='ocrx_word' id='word_1_347' title='bbox 408 2648 547 2693; x_wconf 83' lang='lat' dir='ltr'>Konj.)‚</span> <span class='ocrx_word' id='word_1_348' title='bbox 586 2647 711 2681; x_wconf 80' lang='lat' dir='ltr'>indem</span> <span class='ocrx_word' id='word_1_349' title='bbox 748 2646 806 2681; x_wconf 87' lang='lat' dir='ltr'>die</span> <span class='ocrx_word' id='word_1_350' title='bbox 839 2647 912 2681; x_wconf 88' lang='lat' dir='ltr'>Ab·</span> 
     </span>
     <span class='ocr_line' id='line_1_50' title="bbox 169 2693 911 2739; baseline -0.001 -11"><span class='ocrx_word' id='word_1_351' title='bbox 169 2693 389 2739; x_wconf 71' lang='lat' dir='ltr'>hangigkeit</span> <span class='ocrx_word' id='word_1_352' title='bbox 414 2706 486 2730; x_wconf 85' lang='lat' dir='ltr'>von</span> <span class='ocrx_word' id='word_1_353' title='bbox 518 2695 754 2738; x_wconf 76' lang='lat' dir='ltr'>respondeam</span> <span class='ocrx_word' id='word_1_354' title='bbox 785 2695 911 2738; x_wconf 77' lang='lat' dir='ltr'>ausge-</span> 
     </span>
     <span class='ocr_line' id='line_1_51' title="bbox 171 2741 911 2786; baseline 0 -11"><span class='ocrx_word' id='word_1_355' title='bbox 171 2741 288 2784; x_wconf 83' lang='lat' dir='ltr'>geben</span> <span class='ocrx_word' id='word_1_356' title='bbox 314 2742 423 2786; x_wconf 84' lang='lat' dir='ltr'>wird,</span> <span class='ocrx_word' id='word_1_357' title='bbox 455 2743 522 2777; x_wconf 85' lang='lat' dir='ltr'>wie</span> <span class='ocrx_word' id='word_1_358' title='bbox 548 2743 598 2775; x_wconf 87' lang='lat' dir='ltr'>im</span> <span class='ocrx_word' id='word_1_359' title='bbox 625 2741 714 2785; x_wconf 82' lang='lat' dir='ltr'>folg.</span> <span class='ocrx_word' id='word_1_360' title='bbox 744 2741 840 2775; x_wconf 80' lang='lat' dir='ltr'>Satz.</span> <span class='ocrx_word' id='word_1_361' title='bbox 869 2761 911 2766; x_wconf 97' lang='lat'>—</span> 
     </span>
     <span class='ocr_line' id='line_1_52' title="bbox 166 2789 661 2834; baseline 0.002 -12"><span class='ocrx_word' id='word_1_362' title='bbox 166 2789 271 2831; x_wconf 75' lang='lat' dir='ltr'>pacis</span> <span class='ocrx_word' id='word_1_363' title='bbox 297 2789 390 2834; x_wconf 63' lang='lat' dir='ltr'>ant]</span> <span class='ocrx_word' id='word_1_364' title='bbox 418 2801 503 2824; x_wconf 91' lang='lat' dir='ltr'>vom</span> <span class='ocrx_word' id='word_1_365' title='bbox 528 2789 560 2823; x_wconf 83' lang='lat' dir='ltr'>J.</span> <span class='ocrx_word' id='word_1_366' title='bbox 582 2793 661 2823; x_wconf 88' lang='grc'>241.</span> 
     </span>
    </p>

    <p class='ocr_par' dir='ltr' id='par_1_10' title="bbox 222 2834 912 2881">
     <span class='ocr_line' id='line_1_53' title="bbox 222 2834 912 2881; baseline 0 -13"><span class='ocrx_word' id='word_1_367' title='bbox 222 2838 275 2869; x_wconf 93' lang='grc'>11.</span> <span class='ocrx_word' id='word_1_368' title='bbox 308 2836 474 2871; x_wconf 83' lang='lat' dir='ltr'>Hannib.</span> <span class='ocrx_word' id='word_1_369' title='bbox 507 2836 639 2881; x_wconf 69' lang='lat' dir='ltr'>satelL]</span> <span class='ocrx_word' id='word_1_370' title='bbox 674 2834 912 2879; x_wconf 71' lang='lat' dir='ltr'>Gegenstfick</span> 
     </span>
    </p>
   </div>
   <div class='ocr_carea' id='block_1_8' title="bbox 977 1609 1731 2879">
    <p class='ocr_par' dir='ltr' id='par_1_11' title="bbox 977 1609 1721 1846">
     <span class='ocr_line' id='line_1_54' title="bbox 978 1609 1720 1655; baseline -0.003 -10"><span class='ocrx_word' id='word_1_371' title='bbox 978 1624 1021 1647; x_wconf 89' lang='lat' dir='ltr'>zu</span> <span class='ocrx_word' id='word_1_372' title='bbox 1034 1612 1242 1647; x_wconf 83' lang='lat' dir='ltr'>Romanum</span> <span class='ocrx_word' id='word_1_373' title='bbox 1255 1615 1453 1646; x_wconf 75' lang='lat' dir='ltr'>senatorem</span> <span class='ocrx_word' id='word_1_374' title='bbox 1467 1614 1486 1653; x_wconf 66' lang='grc' dir='ltr'>ξ</span> <span class='ocrx_word' id='word_1_375' title='bbox 1500 1615 1532 1655; x_wconf 85' lang='grc'>7,</span> <span class='ocrx_word' id='word_1_376' title='bbox 1547 1609 1720 1644; x_wconf 89' lang='lat' dir='ltr'>Bezeich-</span> 
     </span>
     <span class='ocr_line' id='line_1_55' title="bbox 977 1657 1719 1704; baseline -0.004 -10"><span class='ocrx_word' id='word_1_377' title='bbox 977 1671 1080 1704; x_wconf 84' lang='lat' dir='ltr'>nung</span> <span class='ocrx_word' id='word_1_378' title='bbox 1117 1661 1182 1694; x_wconf 85' lang='lat' dir='ltr'>der</span> <span class='ocrx_word' id='word_1_379' title='bbox 1214 1659 1539 1694; x_wconf 85' lang='lat' dir='ltr'>demokratischen</span> <span class='ocrx_word' id='word_1_380' title='bbox 1573 1657 1719 1701; x_wconf 82' lang='lat' dir='ltr'>Kriegs-</span> 
     </span>
     <span class='ocr_line' id='line_1_56' title="bbox 977 1705 1721 1751; baseline -0.004 -10"><span class='ocrx_word' id='word_1_381' title='bbox 977 1706 1100 1751; x_wconf 84' lang='lat' dir='ltr'>partei</span> <span class='ocrx_word' id='word_1_382' title='bbox 1118 1707 1331 1751; x_wconf 79' lang='lat' dir='ltr'>gegenfiber</span> <span class='ocrx_word' id='word_1_383' title='bbox 1346 1707 1410 1740; x_wconf 86' lang='lat' dir='ltr'>der</span> <span class='ocrx_word' id='word_1_384' title='bbox 1423 1717 1496 1740; x_wconf 89' lang='lat' dir='ltr'>von</span> <span class='ocrx_word' id='word_1_385' title='bbox 1512 1705 1643 1740; x_wconf 88' lang='lat' dir='ltr'>Hanno</span> <span class='ocrx_word' id='word_1_386' title='bbox 1659 1715 1721 1738; x_wconf 84' lang='lat' dir='ltr'>an-</span> 
     </span>
     <span class='ocr_line' id='line_1_57' title="bbox 979 1752 1720 1798; baseline -0.004 -10"><span class='ocrx_word' id='word_1_387' title='bbox 979 1754 1177 1798; x_wconf 72' lang='lat' dir='ltr'>geffihrten</span> <span class='ocrx_word' id='word_1_388' title='bbox 1207 1753 1501 1798; x_wconf 83' lang='lat' dir='ltr'>oligarchischen</span> <span class='ocrx_word' id='word_1_389' title='bbox 1529 1752 1720 1786; x_wconf 80' lang='lat' dir='ltr'>Friedens-</span> 
     </span>
     <span class='ocr_line' id='line_1_58' title="bbox 979 1801 1109 1846; baseline -0.008 -11"><span class='ocrx_word' id='word_1_390' title='bbox 979 1801 1109 1846; x_wconf 83' lang='lat' dir='ltr'>partei.</span> 
     </span>
    </p>

    <p class='ocr_par' dir='ltr' id='par_1_12' title="bbox 980 1845 1727 2221">
     <span class='ocr_line' id='line_1_59' title="bbox 1029 1845 1724 1892; baseline -0.004 -10"><span class='ocrx_word' id='word_1_391' title='bbox 1029 1852 1083 1882; x_wconf 84' lang='grc'>12.</span> <span class='ocrx_word' id='word_1_392' title='bbox 1105 1848 1190 1882; x_wconf 78' lang='lat' dir='ltr'>haec</span> <span class='ocrx_word' id='word_1_393' title='bbox 1209 1847 1328 1892; x_wconf 73' lang='lat' dir='ltr'>quoq]</span> <span class='ocrx_word' id='word_1_394' title='bbox 1350 1846 1420 1880; x_wconf 84' lang='lat' dir='ltr'>wie</span> <span class='ocrx_word' id='word_1_395' title='bbox 1438 1846 1496 1880; x_wconf 87' lang='lat' dir='ltr'>die</span> <span class='ocrx_word' id='word_1_396' title='bbox 1511 1845 1724 1889; x_wconf 84' lang='lat' dir='ltr'>Karthager</span> 
     </span>
     <span class='ocr_line' id='line_1_60' title="bbox 980 1892 1725 1939; baseline -0.004 -10"><span class='ocrx_word' id='word_1_397' title='bbox 980 1896 1076 1929; x_wconf 86' lang='lat' dir='ltr'>auch</span> <span class='ocrx_word' id='word_1_398' title='bbox 1103 1899 1169 1929; x_wconf 85' lang='lat'>241</span> <span class='ocrx_word' id='word_1_399' title='bbox 1196 1895 1292 1929; x_wconf 90' lang='lat' dir='ltr'>nach</span> <span class='ocrx_word' id='word_1_400' title='bbox 1322 1894 1521 1939; x_wconf 72' lang='lat' dir='ltr'>gsinstigen</span> <span class='ocrx_word' id='word_1_401' title='bbox 1548 1892 1725 1937; x_wconf 87' lang='lat' dir='ltr'>Erfolgen</span> 
     </span>
     <span class='ocr_line' id='line_1_61' title="bbox 980 1941 1724 1984; baseline -0.003 -9"><span class='ocrx_word' id='word_1_402' title='bbox 980 1943 1076 1977; x_wconf 85' lang='lat' dir='ltr'>doch</span> <span class='ocrx_word' id='word_1_403' title='bbox 1103 1941 1329 1976; x_wconf 83' lang='lat' dir='ltr'>schliesslich</span> <span class='ocrx_word' id='word_1_404' title='bbox 1354 1942 1573 1984; x_wconf 83' lang='lat' dir='ltr'>unterlegen</span> <span class='ocrx_word' id='word_1_405' title='bbox 1600 1950 1724 1974; x_wconf 85' lang='lat' dir='ltr'>waren</span> 
     </span>
     <span class='ocr_line' id='line_1_62' title="bbox 980 1988 1724 2033; baseline -0.004 -10"><span class='ocrx_word' id='word_1_406' title='bbox 980 1989 1088 2033; x_wconf 84' lang='lat' dir='ltr'>(Kap.</span> <span class='ocrx_word' id='word_1_407' title='bbox 1106 1993 1160 2031; x_wconf 85' lang='lat'>13,</span> <span class='ocrx_word' id='word_1_408' title='bbox 1176 1991 1221 2032; x_wconf 89' lang='grc'>3).</span> <span class='ocrx_word' id='word_1_409' title='bbox 1241 2009 1284 2013; x_wconf 92' lang='grc'><strong>-</strong></span> <span class='ocrx_word' id='word_1_410' title='bbox 1305 1988 1482 2033; x_wconf 70' lang='lat' dir='ltr'>luscuriet]</span> <span class='ocrx_word' id='word_1_411' title='bbox 1511 1989 1724 2029; x_wconf 84' lang='lat' dir='ltr'>„ausarte“:</span> 
     </span>
     <span class='ocr_line' id='line_1_63' title="bbox 981 2035 1722 2080; baseline -0.004 -10"><span class='ocrx_word' id='word_1_412' title='bbox 981 2041 1012 2079; x_wconf 90' lang='lat'>2,</span> <span class='ocrx_word' id='word_1_413' title='bbox 1039 2041 1096 2079; x_wconf 77' lang='lat'>48,</span> <span class='ocrx_word' id='word_1_414' title='bbox 1123 2041 1143 2070; x_wconf 89' lang='lat'><strong>3</strong></span> <span class='ocrx_word' id='word_1_415' title='bbox 1177 2036 1293 2070; x_wconf 84' lang='lat' dir='ltr'>nimia</span> <span class='ocrx_word' id='word_1_416' title='bbox 1324 2036 1443 2080; x_wconf 75' lang='lat' dir='ltr'>yleria</span> <span class='ocrx_word' id='word_1_417' title='bbox 1472 2035 1665 2069; x_wconf 55' lang='lat' dir='ltr'>luam-iare</span> <span class='ocrx_word' id='word_1_418' title='bbox 1690 2038 1722 2068; x_wconf 89' lang='lat' dir='ltr'>et</span> 
     </span>
     <span class='ocr_line' id='line_1_64' title="bbox 981 2082 1725 2127; baseline -0.003 -9"><span class='ocrx_word' id='word_1_419' title='bbox 981 2094 1183 2118; x_wconf 68' lang='lat' dir='ltr'>evanescere</span> <span class='ocrx_word' id='word_1_420' title='bbox 1220 2084 1381 2117; x_wconf 77' lang='lat' dir='ltr'>vividum</span> <span class='ocrx_word' id='word_1_421' title='bbox 1416 2083 1599 2127; x_wconf 75' lang='lat' dir='ltr'>quondam</span> <span class='ocrx_word' id='word_1_422' title='bbox 1631 2082 1725 2116; x_wconf 73' lang='lat' dir='ltr'>illud</span> 
     </span>
     <span class='ocr_line' id='line_1_65' title="bbox 983 2130 1727 2175; baseline -0.004 -10"><span class='ocrx_word' id='word_1_423' title='bbox 983 2130 1152 2165; x_wconf 83' lang='lat' dir='ltr'>Caesonis</span> <span class='ocrx_word' id='word_1_424' title='bbox 1206 2131 1412 2175; x_wconf 73' lang='lat' dir='ltr'>ingyenium;</span> <span class='ocrx_word' id='word_1_425' title='bbox 1486 2133 1525 2172; x_wconf 91' lang='lat'>3,</span> <span class='ocrx_word' id='word_1_426' title='bbox 1576 2132 1638 2173; x_wconf 87' lang='grc'>33,</span> <span class='ocrx_word' id='word_1_427' title='bbox 1687 2132 1727 2170; x_wconf 85' lang='grc'>2;</span> 
     </span>
     <span class='ocr_line' id='line_1_66' title="bbox 984 2182 1159 2221; baseline 0.006 -9"><span class='ocrx_word' id='word_1_428' title='bbox 984 2182 1039 2221; x_wconf 77' lang='lat'>23,</span> <span class='ocrx_word' id='word_1_429' title='bbox 1067 2182 1099 2220; x_wconf 79' lang='lat'>2,</span> <span class='ocrx_word' id='word_1_430' title='bbox 1129 2182 1159 2214; x_wconf 88' lang='lat'>1.</span> 
     </span>
    </p>

    <p class='ocr_par' dir='ltr' id='par_1_13' title="bbox 983 2222 1729 2504">
     <span class='ocr_line' id='line_1_67' title="bbox 1033 2222 1727 2270; baseline -0.006 -10"><span class='ocrx_word' id='word_1_431' title='bbox 1033 2229 1087 2260; x_wconf 89' lang='lat'>13.</span> <span class='ocrx_word' id='word_1_432' title='bbox 1108 2236 1199 2270; x_wconf 86' lang='lat' dir='ltr'>quae</span> <span class='ocrx_word' id='word_1_433' title='bbox 1220 2225 1307 2270; x_wconf 68' lang='lat' dir='ltr'>etc]</span> <span class='ocrx_word' id='word_1_434' title='bbox 1329 2225 1449 2268; x_wconf 85' lang='lat' dir='ltr'>„doch</span> <span class='ocrx_word' id='word_1_435' title='bbox 1464 2224 1533 2259; x_wconf 87' lang='lat' dir='ltr'>wie</span> <span class='ocrx_word' id='word_1_436' title='bbox 1554 2222 1727 2257; x_wconf 87' lang='lat' dir='ltr'>schlimm</span> 
     </span>
     <span class='ocr_line' id='line_1_68' title="bbox 984 2270 1727 2316; baseline -0.001 -11"><span class='ocrx_word' id='word_1_437' title='bbox 984 2273 1085 2307; x_wconf 82' lang='lat' dir='ltr'>steht</span> <span class='ocrx_word' id='word_1_438' title='bbox 1101 2284 1138 2306; x_wconf 88' lang='lat' dir='ltr'>es</span> <span class='ocrx_word' id='word_1_439' title='bbox 1154 2272 1248 2307; x_wconf 89' lang='lat' dir='ltr'>auch</span> <span class='ocrx_word' id='word_1_440' title='bbox 1266 2272 1359 2316; x_wconf 84' lang='lat' dir='ltr'>jetzt</span> <span class='ocrx_word' id='word_1_441' title='bbox 1372 2273 1487 2306; x_wconf 88' lang='lat' dir='ltr'>schon</span> <span class='ocrx_word' id='word_1_442' title='bbox 1501 2282 1563 2305; x_wconf 90' lang='lat' dir='ltr'>um</span> <span class='ocrx_word' id='word_1_443' title='bbox 1578 2270 1676 2304; x_wconf 87' lang='lat' dir='ltr'>diese</span> <span class='ocrx_word' id='word_1_444' title='bbox 1686 2272 1727 2304; x_wconf 54' lang='grc' dir='ltr'>Ψ*</span> 
     </span>
     <span class='ocr_line' id='line_1_69' title="bbox 985 2316 1727 2365; baseline -0.005 -11"><span class='ocrx_word' id='word_1_445' title='bbox 985 2340 1027 2344; x_wconf 94' lang='lat'>——</span> <span class='ocrx_word' id='word_1_446' title='bbox 1055 2319 1187 2365; x_wconf 76' lang='lat' dir='ltr'>occidi]</span> <span class='ocrx_word' id='word_1_447' title='bbox 1223 2320 1297 2353; x_wconf 86' lang='lat' dir='ltr'>Der</span> <span class='ocrx_word' id='word_1_448' title='bbox 1322 2319 1469 2353; x_wconf 85' lang='lat' dir='ltr'>Redner</span> <span class='ocrx_word' id='word_1_449' title='bbox 1495 2318 1643 2362; x_wconf 74' lang='lat' dir='ltr'>fingiert</span> <span class='ocrx_word' id='word_1_450' title='bbox 1669 2316 1727 2350; x_wconf 82' lang='lat' dir='ltr'>ein</span> 
     </span>
     <span class='ocr_line' id='line_1_70' title="bbox 985 2363 1728 2411; baseline -0.007 -10"><span class='ocrx_word' id='word_1_451' title='bbox 985 2366 1174 2411; x_wconf 69' lang='lat' dir='ltr'>Gespraeh</span> <span class='ocrx_word' id='word_1_452' title='bbox 1201 2367 1416 2410; x_wconf 78' lang='lat' dir='ltr'>(altercatio)</span> <span class='ocrx_word' id='word_1_453' title='bbox 1439 2366 1507 2400; x_wconf 89' lang='lat' dir='ltr'>mit</span> <span class='ocrx_word' id='word_1_454' title='bbox 1528 2363 1728 2406; x_wconf 81' lang='lat' dir='ltr'>Hannibal,</span> 
     </span>
     <span class='ocr_line' id='line_1_71' title="bbox 983 2410 1729 2455; baseline -0.004 -8"><span class='ocrx_word' id='word_1_455' title='bbox 983 2413 1022 2447; x_wconf 89' lang='lat' dir='ltr'>in</span> <span class='ocrx_word' id='word_1_456' title='bbox 1048 2414 1228 2448; x_wconf 70' lang='lat' dir='ltr'>welchem</span> <span class='ocrx_word' id='word_1_457' title='bbox 1261 2424 1299 2447; x_wconf 89' lang='lat' dir='ltr'>er</span> <span class='ocrx_word' id='word_1_458' title='bbox 1330 2413 1462 2447; x_wconf 85' lang='lat' dir='ltr'>desscn</span> <span class='ocrx_word' id='word_1_459' title='bbox 1489 2411 1638 2455; x_wconf 85' lang='lat' dir='ltr'>Erfolge</span> <span class='ocrx_word' id='word_1_460' title='bbox 1673 2410 1729 2444; x_wconf 84' lang='lat' dir='ltr'>als</span> 
     </span>
     <span class='ocr_line' id='line_1_72' title="bbox 985 2457 1630 2504; baseline 0 -11"><span class='ocrx_word' id='word_1_461' title='bbox 985 2460 1214 2504; x_wconf 77' lang='lat' dir='ltr'>keineswegs</span> <span class='ocrx_word' id='word_1_462' title='bbox 1240 2459 1424 2504; x_wconf 59' lang='lat' dir='ltr'>gli&#39;inzend</span> <span class='ocrx_word' id='word_1_463' title='bbox 1451 2457 1630 2493; x_wconf 81' lang='lat' dir='ltr'>hinstellt.</span> 
     </span>
    </p>

    <p class='ocr_par' dir='ltr' id='par_1_14' title="bbox 984 2505 1731 2738">
     <span class='ocr_line' id='line_1_73' title="bbox 1034 2505 1731 2552; baseline -0.001 -12"><span class='ocrx_word' id='word_1_464' title='bbox 1034 2511 1087 2541; x_wconf 84' lang='lat'>14.</span> <span class='ocrx_word' id='word_1_465' title='bbox 1112 2507 1288 2552; x_wconf 78' lang='lat' dir='ltr'>praedae]</span> <span class='ocrx_word' id='word_1_466' title='bbox 1320 2506 1391 2539; x_wconf 82' lang='lat' dir='ltr'>Der</span> <span class='ocrx_word' id='word_1_467' title='bbox 1412 2506 1558 2540; x_wconf 81' lang='lat' dir='ltr'>Redner</span> <span class='ocrx_word' id='word_1_468' title='bbox 1585 2505 1731 2539; x_wconf 86' lang='lat' dir='ltr'>schiebt</span> 
     </span>
     <span class='ocr_line' id='line_1_74' title="bbox 985 2552 1729 2597; baseline -0.001 -10"><span class='ocrx_word' id='word_1_469' title='bbox 985 2554 1022 2587; x_wconf 86' lang='lat' dir='ltr'>in</span> <span class='ocrx_word' id='word_1_470' title='bbox 1043 2554 1101 2588; x_wconf 84' lang='lat' dir='ltr'>die</span> <span class='ocrx_word' id='word_1_471' title='bbox 1122 2554 1251 2587; x_wconf 59' lang='lat' dir='ltr'>XVorte</span> <span class='ocrx_word' id='word_1_472' title='bbox 1273 2555 1336 2587; x_wconf 84' lang='lat' dir='ltr'>des</span> <span class='ocrx_word' id='word_1_473' title='bbox 1357 2552 1522 2597; x_wconf 83' lang='lat' dir='ltr'>Gegners</span> <span class='ocrx_word' id='word_1_474' title='bbox 1549 2552 1630 2586; x_wconf 86' lang='lat' dir='ltr'>eine</span> <span class='ocrx_word' id='word_1_475' title='bbox 1657 2552 1729 2586; x_wconf 88' lang='lat' dir='ltr'>iro-</span> 
     </span>
     <span class='ocr_line' id='line_1_75' title="bbox 984 2600 1729 2644; baseline -0.001 -10"><span class='ocrx_word' id='word_1_476' title='bbox 984 2600 1112 2635; x_wconf 81' lang='lat' dir='ltr'>nischc</span> <span class='ocrx_word' id='word_1_477' title='bbox 1134 2600 1371 2644; x_wconf 86' lang='lat' dir='ltr'>Bemerkung</span> <span class='ocrx_word' id='word_1_478' title='bbox 1397 2600 1466 2634; x_wconf 87' lang='lat' dir='ltr'>ein.</span> <span class='ocrx_word' id='word_1_479' title='bbox 1489 2619 1533 2624; x_wconf 83' lang='lat'>——</span> <span class='ocrx_word' id='word_1_480' title='bbox 1560 2610 1729 2634; x_wconf 82' lang='lat' dir='ltr'>commea-</span> 
     </span>
     <span class='ocr_line' id='line_1_76' title="bbox 986 2645 1730 2693; baseline -0.001 -12"><span class='ocrx_word' id='word_1_481' title='bbox 986 2648 1077 2693; x_wconf 84' lang='lat' dir='ltr'>tum]</span> <span class='ocrx_word' id='word_1_482' title='bbox 1107 2647 1194 2683; x_wconf 84' lang='lat' dir='ltr'>Gen.</span> <span class='ocrx_word' id='word_1_483' title='bbox 1216 2646 1313 2681; x_wconf 87' lang='lat' dir='ltr'>Plur.</span> <span class='ocrx_word' id='word_1_484' title='bbox 1336 2647 1425 2691; x_wconf 76' lang='lat' dir='ltr'>(vgl.</span> <span class='ocrx_word' id='word_1_485' title='bbox 1454 2658 1497 2680; x_wconf 83' lang='lat' dir='ltr'>zu</span> <span class='ocrx_word' id='word_1_486' title='bbox 1518 2645 1610 2690; x_wconf 84' lang='lat' dir='ltr'>Kap.</span> <span class='ocrx_word' id='word_1_487' title='bbox 1634 2649 1687 2689; x_wconf 90' lang='grc'>10,</span> <span class='ocrx_word' id='word_1_488' title='bbox 1710 2649 1730 2680; x_wconf 89' lang='grc'><strong>5</strong></span> 
     </span>
     <span class='ocr_line' id='line_1_77' title="bbox 986 2696 1153 2738; baseline 0.006 -11"><span class='ocrx_word' id='word_1_489' title='bbox 986 2706 1019 2728; x_wconf 89' lang='lat' dir='ltr'>u.</span> <span class='ocrx_word' id='word_1_490' title='bbox 1049 2699 1080 2737; x_wconf 83' lang='lat'>5,</span> <span class='ocrx_word' id='word_1_491' title='bbox 1108 2696 1153 2738; x_wconf 82' lang='lat'>6).</span> 
     </span>
    </p>

    <p class='ocr_par' dir='ltr' id='par_1_15' title="bbox 986 2739 1731 2879">
     <span class='ocr_line' id='line_1_78' title="bbox 1036 2739 1731 2786; baseline -0.003 -11"><span class='ocrx_word' id='word_1_492' title='bbox 1036 2745 1089 2775; x_wconf 87' lang='lat'>15.</span> <span class='ocrx_word' id='word_1_493' title='bbox 1124 2741 1249 2786; x_wconf 81' lang='lat' dir='ltr'>mirer]</span> <span class='ocrx_word' id='word_1_494' title='bbox 1278 2739 1506 2784; x_wconf 78' lang='lat' dir='ltr'>„auffallend</span> <span class='ocrx_word' id='word_1_495' title='bbox 1534 2739 1641 2783; x_wconf 85' lang='lat' dir='ltr'>finde,</span> <span class='ocrx_word' id='word_1_496' title='bbox 1669 2739 1731 2773; x_wconf 90' lang='lat' dir='ltr'>be-</span> 
     </span>
     <span class='ocr_line' id='line_1_79' title="bbox 986 2787 1731 2833; baseline -0.001 -12"><span class='ocrx_word' id='word_1_497' title='bbox 986 2789 1170 2833; x_wconf 67' lang='lat' dir='ltr'>miingle“.</span> <span class='ocrx_word' id='word_1_498' title='bbox 1200 2807 1241 2812; x_wconf 81' lang='lat'>—</span> <span class='ocrx_word' id='word_1_499' title='bbox 1270 2788 1458 2832; x_wconf 69' lang='lat' dir='ltr'>interroq]</span> <span class='ocrx_word' id='word_1_500' title='bbox 1493 2787 1660 2830; x_wconf 76' lang='lat' dir='ltr'>„Fragen</span> <span class='ocrx_word' id='word_1_501' title='bbox 1687 2799 1731 2820; x_wconf 89' lang='lat' dir='ltr'>zu</span> 
     </span>
     <span class='ocr_line' id='line_1_80' title="bbox 987 2834 1731 2879; baseline -0.004 -9"><span class='ocrx_word' id='word_1_502' title='bbox 987 2835 1154 2870; x_wconf 52' lang='lat' dir='ltr'>stenem&amp;</span> <span class='ocrx_word' id='word_1_503' title='bbox 1208 2835 1274 2869; x_wconf 88' lang='lat' dir='ltr'>Die</span> <span class='ocrx_word' id='word_1_504' title='bbox 1315 2834 1461 2879; x_wconf 84' lang='lat' dir='ltr'>Gegner</span> <span class='ocrx_word' id='word_1_505' title='bbox 1506 2837 1653 2868; x_wconf 69' lang='lat' dir='ltr'>mtissen</span> <span class='ocrx_word' id='word_1_506' title='bbox 1694 2845 1731 2868; x_wconf 76' lang='lat' dir='ltr'>es</span> 
     </span>
    </p>
   </div>
  </div>
 </body>
</html>
