1882 3163
125 296 147 327 4
173 310 229 315 ——
261 287 400 327 castra
431 285 615 328 Romani
651 285 851 328 habuere.

177 118 231 160 70
638 118 783 153 LIBER
808 117 957 153 XXIIII.
997 117 1098 154 CAP.
1126 123 1181 153 41.
1209 122 1264 154 42.

1509 136 1534 155 a.
1559 136 1588 155 u.
1616 137 1640 155 c.
1667 130 1728 158 540.

175 225 372 268 Castrum
402 226 564 268 Album
594 251 642 256 -—
676 227 794 268 locus
827 229 891 268 est
921 227 1101 282 insignis
1134 227 1258 269 caede
1290 228 1436 282 magni
1467 227 1726 270 Hamilcaris

913 300 986 327 arx
1024 288 1115 327 erat
1146 286 1328 339 munita,
1365 289 1407 327 et
1440 290 1725 329 convexerant

174 348 271 386 ante
296 344 577 386 frumentum:
610 347 767 399 tamen,
798 344 896 399 quia
923 345 1066 386 omnia
1092 345 1202 387 circa
1226 345 1417 387 hostium
1443 346 1569 400 plena
1595 349 1727 401 erant,

174 417 410 458 agmenque
441 403 684 445 Romanum
715 404 873 458 inpune
905 404 1167 445 incursatum
1199 404 1252 446 ab
1286 405 1499 458 equitibus
1537 405 1728 447 hostium

172 463 328 517 fuerat,
372 465 414 504 et
454 463 507 504 ad
546 463 628 505 duo
672 463 790 504 milia
834 465 908 504 aut
950 465 1214 505 moratorum
1252 466 1326 504 aut
1368 463 1608 517 palantium
1651 479 1727 519 per

174 536 299 577 agros
325 522 561 577 interfecta,
587 537 748 564 cessere
774 522 870 563 inde
896 521 1081 564 Romani
1105 523 1281 577 propius
1307 525 1462 576 pacata
1485 524 1580 564 loca
1606 525 1649 564 et
1674 524 1727 565 ad

126 592 146 623 5
172 583 360 622 montem
381 580 597 623 Victoriae
617 584 758 623 castra
780 582 1104 623 communivere.
1146 596 1194 623 eo
1217 580 1290 623 Cn.
1312 579 1452 636 Scipio
1473 597 1569 623 cum
1590 583 1725 624 omni-

172 641 252 682 bus
291 641 424 694 copiis
461 643 503 682 et
532 640 777 682 Hasdrubal
809 639 1010 695 Gisgonis
1048 641 1178 695 filius,
1217 641 1368 682 tertius
1402 639 1728 696 Carthaginien-

174 700 282 741 sium
322 699 422 754 dux,
463 714 557 741 cum
597 700 782 741 exercitu
818 700 931 740 iusto
972 699 1158 749 advenit,
1201 702 1432 755 contraque
1472 703 1613 741 castra
1643 700 1728 743 Ro-

125 770 145 800 6
172 774 300 800 mana
329 761 448 800 trans
480 759 656 800 fiuvium
689 773 834 800 omnes
867 758 1105 800 consedere.
1154 758 1199 799 P.
1227 757 1370 813 Scipio
1399 774 1493 800 cum
1521 760 1728 814 expeditis

173 818 280 859 clam
313 818 531 872 profectus
565 818 616 859 ad
648 818 741 859 loca
773 818 883 859 circa
918 817 1094 858 visenda
1124 817 1237 859 haud
1268 817 1421 859 fefellit
1452 818 1615 873 hostes,
1655 834 1726 873 op-

171 877 511 932 pressissentque
544 892 640 918 eum
672 877 713 917 in
747 876 994 930 patentibus
1027 877 1205 930 campis,
1243 877 1288 917 ni
1319 877 1567 918 tumulum
1555 892 1600 918 111
1632 893 1729 932 pro-

172 937 333 991 pinquo
366 937 558 990 cepisset.

174 995 338 1037 sidione
371 995 578 1037 eximitm.

619 936 680 977 ibi
712 949 879 990 quoque
919 935 1219 976 circumsessus
1259 935 1445 977 adventu
1476 936 1622 977 fratris
1655 937 1727 978 ob-

630 993 819 1048 Castulo,
851 994 951 1034 urbs
978 994 1212 1049 Hispaniae
1244 994 1386 1035 valida
1418 1008 1465 1035 ac
1497 995 1654 1036 nobilis
1686 999 1728 1037 et

174 1054 278 1096 adeo
311 1054 537 1096 coniuncta
570 1054 772 1095 societate
798 1053 967 1105 Poenis,
998 1055 1046 1094 ut
1077 1068 1184 1095 uxor
1215 1053 1311 1094 inde
1338 1052 1574 1094 Hannibali
1606 1057 1728 1109 esset,

125 1113 229 1156 sad
253 1113 472 1155 Romanos
506 1113 669 1154 defecit.
722 1111 1098 1167 Carthaginienses
1129 1111 1345 1166 Iliturgim
1377 1127 1626 1168 oppugnare
1657 1113 1729 1155 ad-

173 1172 267 1226 orti,
300 1173 399 1227 quia
430 1172 690 1226 praesidium
716 1171 775 1213 ibi
801 1171 1045 1212 Romanum
1078 1174 1179 1224 erat,
1213 1171 1549 1226 videbanturque
1582 1173 1727 1227 inopia

125 1244 144 1274 9
171 1231 353 1273 maxime
381 1246 476 1272 eum
508 1232 650 1273 locum
681 1231 975 1286 expugnaturi.

1038 1229 1112 1272 Cn.
1146 1229 1299 1284 Scipio,
1332 1233 1379 1271 ut
1411 1231 1534 1272 sociis
1567 1232 1726 1285 praesi-

171 1291 323 1345 dioque
354 1290 484 1331 ferret
516 1305 651 1344 opem,
683 1305 779 1332 cum
810 1290 977 1344 legione
1010 1289 1205 1343 expedita
1236 1289 1454 1343 profectus
1482 1290 1593 1331 inter
1624 1290 1726 1332 bina

171 1353 313 1391 castra
333 1364 428 1391 cum
449 1363 606 1404 magna
627 1349 752 1391 caede
772 1349 962 1391 hostium
988 1349 1137 1390 urbem
1162 1350 1226 1389 est
1250 1349 1470 1403 ingressus
1491 1352 1533 1390 et
1552 1352 1725 1403 postero

104 1421 146 1451 10
173 1409 238 1450 die
272 1409 492 1463 eruptione
525 1423 656 1464 aeque
689 1408 802 1449 felici
834 1408 1052 1463 pugnavit.
1105 1423 1233 1462 supra
1259 1407 1478 1448 duodecim
1509 1408 1628 1449 milia
1652 1408 1726 1450 110-

171 1468 337 1509 minum
365 1482 488 1509 caesa
514 1468 677 1509 duobus
703 1467 889 1522 proeliis,
919 1467 1015 1521 plus
1042 1466 1158 1508 mille
1185 1464 1408 1508 hominuni
1434 1470 1605 1521 captum
1632 1481 1727 1509 cum

173 1541 246 1568 sex
273 1528 315 1568 et
346 1527 527 1582 triginta
559 1527 821 1568 militaribus
855 1526 1003 1581 signis.
1052 1525 1113 1567 ita
1140 1525 1192 1567 ab
1217 1525 1387 1580 Iliturgi
1412 1540 1625 1568 recessum
1652 1529 1727 1569 est.

104 1598 144 1628 11
173 1586 352 1640 Bigerra
377 1586 476 1627 inde
502 1586 602 1628 urbs
625 1611 678 1615 —
702 1586 804 1627 socii
831 1588 873 1626 et
898 1585 944 1626 hi
967 1585 1257 1626 Romanorum
1283 1586 1406 1625 erant
1427 1609 1481 1614 -—
1502 1600 1527 1626 a
1548 1583 1726 1626 Cartha-

173 1645 443 1700 giniensibus
477 1645 717 1700 oppugnari
750 1647 900 1698 coepta
932 1647 1006 1685 est.
1058 1658 1150 1685 eam
1183 1643 1445 1684 obsidionem
1478 1643 1567 1684 sine
1595 1646 1726 1685 certa-

102 1704 284 1747 421111110
326 1704 552 1745 adveniens
586 1703 661 1746 Cn.
695 1703 838 1757 Scipio
877 1703 1016 1744 solvit.

125 1775 146 1805 2
172 1763 335 1804 Punica
366 1766 500 1815 mota,
537 1766 579 1804 et
609 1763 793 1804 Romani
825 1777 873 1804 eo
907 1761 1130 1803 confestim
1164 1761 1297 1802 secuti
1329 1764 1441 1803 sunt.

1079 1702 1131 1743 ad
1163 1701 1366 1743 Mundam
1405 1703 1553 1743 exinde
1589 1706 1727 1744 castra

1501 1761 1561 1802 ibi
1593 1762 1726 1828 signis

174 1823 356 1863 conlatis
388 1797 627 1877 pugnatum
659 1836 734 1888 per
766 1824 968 1876 quattuor
1005 1821 1135 1861 ferme
1170 1820 1316 1874 horas,
1355 1820 1606 1875 egregieque
1637 1821 1727 1862 vin-

173 1882 371 1923 centibus
402 1880 608 1923 Romam's
643 1882 811 1936 signum
844 1881 1032 1934 receptui
1066 1882 1130 1920 est
1161 1879 1320 1932 datum,
1354 1880 1466 1933 quod
1493 1877 1570 1921 Cn.
1596 1878 1726 1934 Scipi-

176 1940 269 1982 onis
302 1941 439 1982 femur
470 1941 641 1995 tragula
673 1940 887 1982 confixum
919 1942 1021 1992 erat,
1053 1953 1267 1993 pavorque
1297 1938 1410 1979 circa
1436 1952 1532 1979 eum
1559 1941 1729 1993 ceperat

173 2000 350 2053 milites,
393 2014 444 2040 ne
483 1999 749 2041 mortiferum
793 2001 905 2040 esset
946 1999 1110 2039 volnus.

1172 2000 1357 2039 ceterum
1396 1997 1510 2038 haud
1552 1997 1728 2039 dubium

172 2058 271 2110 fuit,
311 2058 434 2112 quin,
473 2059 556 2099 nisi
595 2072 644 2098 ea
681 2072 802 2099 mora
839 2058 1156 2110 intervenisset,
1200 2059 1340 2097 castra
1381 2070 1429 2097 eo
1469 2056 1535 2097 die
1566 2055 1729 2098 Punica

174 2117 267 2170 capi
312 2118 543 2170 potuerint.

221 2237 253 2266 3.
291 2233 409 2277 caede]
437 2243 475 2266 er
500 2232 561 2266 fiel
585 2231 623 2265 in
649 2232 713 2266 der
739 2231 914 2266 Schlacht

173 2291 293 2323 gegen
312 2280 370 2314 die
391 2279 589 2322 Vettonen,
617 2279 696 2313 eine
718 2278 912 2323 spanische

175 2327 445 2369 Volkerschaft,
476 2326 500 2360 i.
526 2326 558 2361 J.
585 2330 663 2360 228.

220 2375 344 2419 maynz'
369 2373 610 2418 Hamilcaris]
638 2372 689 2406 im
715 2373 818 2406 class.
843 2373 912 2406 La-

173 2421 251 2455 tein
275 2420 392 2456 heisst
417 2432 454 2455 es
480 2431 633 2465 maynus
658 2420 717 2454 illc
740 2419 808 2461 H.‚
836 2419 911 2454 Liv.

174 2468 262 2502 aber
282 2468 424 2503 scheint
443 2478 595 2512 magnus
609 2467 659 2501 H.
680 2467 761 2510 (wie
781 2478 915 2511 magma

175 2516 344 2559 Graecia)
388 2527 451 2549 zur
490 2514 806 2558 Unterscheidung
844 2524 914 2547 von

175 2563 335 2597 anderen
355 2562 513 2597 Puniern
539 2562 732 2596 desselben
752 2561 913 2595 Namens

175 2610 381 2654 gebraucht
423 2622 466 2643 zu
508 2609 641 2643 haben.
700 2607 806 2642 Wird
850 2608 913 2642 das

174 2656 257 2701 Adj.
279 2668 360 2691 zum
380 2657 642 2700 Eigennamen‚
668 2666 706 2690 so
727 2657 810 2700 sagt
829 2666 913 2689 man

174 2704 383 2738 Alcoeamler
411 2704 586 2748 Magnus,
612 2702 690 2737 Liv.
718 2703 805 2737 aber
831 2704 915 2747 sagt

176 2751 269 2784 nach
296 2751 379 2785 dem
405 2749 732 2795 Sprachgebrauch
758 2750 822 2784 der
854 2749 913 2783 511-

174 2796 311 2831 berncn
338 2797 521 2832 Latinit'at
545 2798 580 2841 9,
608 2801 668 2839 16,
697 2800 738 2830 19
773 2797 915 2841 DIayno

176 2844 398 2878 Alexandro.
433 2844 493 2886 30,
512 2848 568 2887 45,
584 2848 603 2878 6
630 2844 766 2878 Felicis
792 2843 916 2878 Sullae

179 2890 380 2934 DIaynique
409 2891 566 2935 Pompei.

604 2117 689 2158 iam
728 2131 815 2158 non
854 2117 1009 2157 milites
1056 2116 1193 2157 solum
1231 2115 1303 2156 sed
1341 2114 1555 2168 elephanti
1596 2115 1726 2156 etiam

1032 2235 1065 2267 4.
1108 2230 1311 2275 incursare]
1348 2230 1418 2264 mit
1449 2230 1607 2264 blossem
1640 2230 1724 2266 Acc.

986 2279 1101 2321 (sonst
1131 2276 1201 2311 mit
1225 2278 1279 2321 in)
1309 2277 1404 2310 auch
1429 2276 1462 2319 5,
1490 2281 1545 2320 31,
1574 2280 1593 2311 5
1620 2288 1727 2322 ayros

985 2325 1168 2359 Romanos
1198 2325 1395 2358 incursare.

1032 2372 1267 2416 moratorum]
1289 2370 1340 2405 ist
1352 2371 1449 2406 Part.
1465 2370 1534 2405 wie
1542 2371 1725 2415 palantes.

1035 2423 1067 2453 5.
1106 2418 1215 2463 iusto]
1244 2431 1270 2454 5.
1299 2430 1340 2452 zu
1368 2422 1423 2461 14,
1449 2422 1481 2452 4.

1033 2466 1166 2510 omncs]
1194 2465 1356 2500 n'amlich
1380 2469 1451 2500 tres
1476 2466 1581 2500 duces
1605 2464 1725 2502 Carth.

1034 2518 1065 2548 8.
1106 2513 1241 2558 adorti]
1276 2512 1345 2546 mit
1375 2512 1440 2546 Ins.
1476 2512 1530 2546 oft
1563 2512 1623 2547 bei
1647 2512 1724 2547 Liv.

987 2573 1050 2594 zur
1076 2560 1334 2604 Bezeichnung
1359 2559 1459 2593 eines
1491 2559 1726 2594 mfihevollen

985 2607 1297 2650 Unternehmens,
1346 2606 1542 2641 besonders
1585 2606 1727 2641 beliebt

986 2665 1199 2699 oppuynare
1224 2654 1355 2688 adorti.

1037 2706 1090 2735 10.
1116 2701 1212 2736 ¹mille
1235 2701 1418 2735 hominum
1443 2700 1602 2744 captum]
1630 2711 1657 2734 s.
1682 2712 1738 2742 zu,

1034 2777 1097 2830 42.
1148 2799 1179 2829 2.
1219 2794 1380 2839 t'rayula]
1421 2793 1479 2827 ein
1504 2792 1724 2837 Wurfspicss

987 2842 1056 2877 mit
1082 2841 1415 2885 Schwungriemen,
1442 2840 1496 2874 als
1516 2840 1635 2875 Waffe
1661 2840 1726 2875 der

989 2889 1143 2934 Spanier
1169 2889 1263 2923 auch
1289 2887 1349 2932 26,
1376 2891 1408 2931 5,
1436 2890 1478 2921 17
1505 2888 1682 2922 erw'ahnt.
