1882 3163
113 965 155 995 10
181 951 573 1006 Carthaginienses.

115 1319 157 1348 12
184 1318 344 1347 merces
377 1304 734 1346 ementiebantur.

175 91 198 132 8
710 87 856 122 LIBER
880 86 992 121 XXV.
1034 85 1133 120 CAP.
1161 89 1192 120 3.

1535 102 1560 120 a.
1580 102 1608 120 u.
1627 102 1651 120 c.
1674 96 1737 121 542.

127 199 146 229 5
173 187 363 229 urbanae
394 185 550 239 prioris
583 185 685 226 anni
717 183 854 225 datae.
905 182 968 223 Ti.
989 180 1240 236 Sempronio
1263 180 1456 222 Graccho
1485 183 1527 222 et
1551 181 1596 223 P.
1619 180 1737 223 Sem-

175 247 326 301 pronio
353 244 568 286 Tuditano
601 243 827 297 imperium
852 241 1193 296 provinciaeque,
1219 239 1380 281 Lucani
1406 242 1448 281 et
1468 239 1621 294 Gallia,
1641 254 1737 282 cum

131 317 150 347 6
179 305 265 346 suis
310 302 566 345 exercitibus
610 302 886 356 prorogatae,
923 301 1026 342 item
1062 299 1108 341 P.
1140 299 1324 340 Lentulo
1364 313 1448 353 qua
1485 302 1606 340 vetus
1644 313 1738 353 pro-

175 365 315 405 vincia
346 363 392 403 in
424 360 569 403 Sicilia
601 363 724 414 esset,
756 360 813 402 M.
843 359 1046 401 Marcello
1081 357 1316 412 Syracusae
1350 360 1392 398 et
1423 372 1507 412 qua
1538 357 1739 399 Hieronis

176 436 359 476 regnum
396 421 567 475 fuisset3
606 420 653 462 T.
686 418 869 461 Otacilio
903 418 1070 472 classis,
1109 416 1288 458 Graecia
1324 415 1381 458 M.
1413 415 1606 470 Valerio,
1643 413 1739 458 Sar-

132 493 149 523 7
177 481 295 522 dinia
327 479 375 529 Q.
405 479 548 521 Mucio
583 477 828 532 Scaevolae,
865 477 1103 531 Hispaniae
1140 475 1186 518 P.
1219 478 1262 517 et
1293 474 1368 518 Cn.
1402 473 1624 517 Corneliis.
1688 475 1742 516 ad

177 543 341 582 veteres
374 539 582 580 exercitus
616 538 724 579 duae
756 537 944 579 urbanae
976 535 1168 591 legiones
1202 550 1227 576 a
1259 534 1508 576 consulibus
1542 534 1739 588 scriptae,

179 613 428 653 summaque
460 598 591 639 trium
623 599 666 638 et
697 596 853 652 viginti
885 595 1103 650 legionum
1135 608 1184 635 eo
1218 608 1331 635 anno
1365 593 1516 635 effecta
1548 595 1624 635 est.

297 656 514 699 Dilectum
559 655 783 697 consulum
827 654 885 696 M.
922 653 1135 696 Postumii
1174 652 1407 708 Pyrgensis
1446 666 1542 694 cum
1585 664 1741 706 magno

132 729 151 759 9
178 731 311 772 prope
336 718 457 758 motu
482 729 623 757 rerum
648 714 811 756 factum
837 713 1043 767 impediit.
1092 711 1346 766 publicanus
1374 713 1465 752 erat
1483 711 1744 761 Postumius,

181 776 251 831 qui
283 775 429 816 multis
463 774 585 815 annis
617 787 764 828 parem
790 772 938 814 fraude
965 771 1231 824 avaritiaque
1256 771 1472 811 neminem
1498 770 1543 811 in
1570 769 1744 811 civitate

182 835 393 876 habuerat
423 836 591 888 praeter
617 832 664 874 T.
684 831 970 885 Pomponium
988 829 1290 884 Veientanum,
1316 843 1441 884 quem
1466 829 1746 883 populantem

181 896 339 935 temere
372 906 499 947 agros
532 892 576 933 in
607 890 793 932 Lucanis
826 890 954 930 ductu
979 887 1208 930 Hannonis
1240 889 1379 942 priore
1407 902 1518 929 anno
1546 889 1749 941 ceperant

636 950 700 1004 hi,
733 949 832 1004 quia
864 948 1084 1002 publicum
1122 947 1359 1001 periculum
1390 948 1483 988 erat
1514 961 1539 987 a
1569 947 1612 988 vi
1643 948 1748 987 tem·

182 1011 363 1066 pestatis
396 1011 441 1051 in
473 1010 539 1063 iis,
573 1023 680 1064 quae
713 1010 990 1063 portarentur
1016 1006 1069 1048 ad
1090 1006 1313 1059 exercitus,
1340 1008 1382 1046 et
1401 1005 1598 1046 ementiti
1624 1006 1749 1045 erant

181 1070 293 1111 falsa
329 1068 554 1123 naufragia
593 1070 636 1109 et
673 1081 723 1108 ea
760 1066 873 1121 ipsa,
911 1079 1019 1120 quae
1056 1079 1157 1106 vera
1193 1064 1563 1118 renuntiaverant,
1600 1063 1750 1104 fraude

114 1142 153 1172 11
181 1129 372 1183 ipsorum
411 1127 527 1169 facta
565 1128 706 1179 erant,
743 1140 832 1167 non
870 1139 983 1167 casu,

1044 1124 1090 1165 in
1120 1125 1286 1165 veteres
1319 1137 1582 1178 quassasque
1618 1136 1749 1164 naves

183 1187 332 1242 paucis
364 1188 408 1227 et
438 1186 560 1239 parvi
592 1185 719 1240 pretii
749 1185 876 1226 rebus
908 1183 1142 1238 impositis,
1181 1197 1277 1224 cum
1314 1182 1564 1223 mersissent
1601 1195 1671 1222 eas
1704 1181 1750 1222 in

185 1247 271 1288 alto
305 1245 492 1300 exceptis
523 1245 567 1287 in
599 1245 878 1298 praeparatas
913 1242 1093 1297 scaphas
1125 1241 1286 1295 nautis,
1327 1241 1585 1294 multiplices
1616 1240 1750 1281 fuisse

234 1436 265 1467 6.
304 1443 378 1476 qua
402 1431 580 1466 Hieronis
611 1441 762 1476 reynum
787 1429 930 1475 fuisset]

185 1479 339 1514 'ahnlich
376 1478 492 1513 sehon
528 1477 580 1511 im
611 1477 768 1522 vorigen
800 1476 931 1518 Jahre3

187 1538 214 1561 s.
241 1526 302 1569 24,
329 1530 385 1569 44,
406 1529 428 1560 4
448 1529 648 1571 prorogata
669 1525 824 1568 imperia
843 1534 929 1568 1]νο->

187 1574 412 1619 emotaeque:
438 1572 493 1608 M.
518 1572 674 1607 Claudio
694 1571 825 1607 Sicilia
849 1572 933 1613 fint-

188 1622 254 1656 bus
290 1621 359 1664 eis,
402 1620 534 1665 quibus
570 1630 721 1665 reanum
757 1617 934 1653 Hieronis

187 1668 334 1712 fuisset,
359 1666 518 1703 Lentulo
536 1666 770 1712 propraetori
782 1666 932 1710 provin-

189 1716 248 1751 cia
272 1718 381 1750 vetas.

237 1760 462 1807 Hispaniae]
501 1759 619 1802 Plur.,
662 1758 836 1804 obgleich
873 1758 934 1793 die

191 1808 378 1853 Theilung
396 1807 436 1842 in
455 1807 507 1842 H.
527 1808 672 1843 citerior
692 1807 766 1841 und
785 1807 936 1842 ulterior

191 1857 268 1891 erst
298 1856 424 1900 spater
454 1865 529 1889 von
561 1854 633 1888 den
664 1853 826 1888 Romem
860 1853 936 1888 ein-

191 1901 343 1948 gefi'ihrt
367 1901 511 1944 wurde3
539 1901 676 1936 ebenso
702 1905 764 1945 36,
793 1905 846 1936 16.

239 1950 280 1985 Ρ.
307 1954 340 1985 et
366 1949 431 1985 Cn.
460 1948 653 1995 Corneliis]
682 1960 708 1984 s.
736 1959 780 1982 zu
804 1952 861 1990 32,
884 1951 914 1981 1.

240 2000 272 2032 7.
298 1996 454 2042 summa]
481 2006 589 2030 wenn
623 2006 710 2029 man
740 1995 935 2037 annirmnt,

193 2043 278 2078 dass
312 2042 487 2079 Claudius
519 2042 617 2077 Nero
649 2054 719 2077 nur
744 2041 845 2077 eine
871 2040 938 2076 Le-

193 2090 282 2135 gion
314 2101 388 2125 von
419 2089 536 2124 Varro
569 2089 796 2124 tibernimmt
830 2091 862 2132 (ξ
888 2091 938 2132 4),

195 2147 235 2171 so
260 2136 411 2171 bleiben
435 2135 495 2170 fiir
514 2136 678 2181 Spanien
703 2141 723 2170 3
750 2135 939 2179 Legionen

194 2183 320 2228 iibrig;
340 2183 536 2218 vielleicht
554 2194 631 2217 war
650 2183 731 2217 dies
748 2182 938 2217 thatsach-

194 2230 272 2265 lich
298 2240 338 2265 so
364 2229 461 2265 nach
482 2234 544 2273 32,
566 2234 604 2265 7:
631 2232 685 2264 ita
710 2231 805 2264 inter
829 2240 864 2264 se
884 2229 938 2264 di-

195 2279 354 2313 viserunt
385 2277 555 2322 (copias),
591 2281 633 2312 ut
670 2276 711 2313 P.
752 2276 941 2311 Cornelius

195 2325 289 2360 duas
313 2329 440 2369 partes
470 2325 648 2360 ezer-citus
679 2324 840 2366 duceret,
876 2322 938 2358 Cn.

198 2371 386 2407 Cornelius
417 2382 497 2408 eum
528 2372 636 2407 tertia
666 2374 774 2416 parte
812 2371 942 2406 bellum

221 2422 339 2455 ereret.

196 2430 219 2464 9
244 2466 367 2509 effecta
385 2465 451 2511 est]
473 2482 517 2495 =
538 2466 680 2509 eaepleta
698 2469 765 2508 εει,
787 2463 880 2499 eben
900 2473 940 2498 so

198 2511 258 2554 24,
279 2517 336 2556 29,
357 2517 377 2548 2
403 2514 516 2548 secuti
539 2513 645 2547 multi
670 2523 713 2547 ex
735 2522 941 2547 mercenna-

198 2561 266 2594 riis
300 2561 455 2595 auxiliis
485 2563 657 2604 quattuor
687 2560 792 2595 milia
822 2570 942 2594 arma-

200 2610 317 2642 torum
341 2607 540 2651 effecerunt.

246 2653 281 2696 3,
309 2653 428 2689 8—4.
461 2653 651 2688 Process
684 2652 759 2687 des
785 2651 834 2688 M.
861 2652 943 2687 Po-

202 2700 393 2751 stumius
433 2711 508 2734 aus
547 2699 686 2745 Pyrgi
731 2699 776 2734 in
813 2698 943 2733 Etru—

201 2757 309 2781 rien.

250 2796 280 2827 8.
309 2804 388 2828 eum
405 2805 537 2840 ‘ma-qno
551 2804 666 2838 prope
678 2793 791 2839 motu]
813 2802 944 2837 wegen

204 2838 268 2873 der
289 2839 460 2884 Stellung
479 2840 534 2875 als
555 2840 726 2875 Attribut
743 2851 787 2876 zu
805 2840 945 2883 factum

795 1317 846 1344 ea
877 1301 994 1343 fraus
1026 1300 1214 1342 indicata
1254 1299 1310 1341 M.
1342 1298 1528 1341 Aemilio
1560 1298 1750 1353 praetori

1006 1427 1226 1470 anzusehen,
1247 1444 1290 1456 =
1310 1428 1462 1472 factam,
1484 1427 1580 1472 quod
1597 1435 1754 1472 magnus

1007 1486 1118 1521 prope
1148 1479 1264 1510 motus
1294 1486 1415 1510 reram
1446 1478 1588 1510 secutus
1612 1477 1672 1509 est.
1707 1493 1751 1498 —-

1007 1527 1123 1558 motas
1147 1533 1267 1557 rerum
1298 1539 1343 1551 =
1368 1522 1599 1567 perturbatio
1631 1531 1754 1557 rerum

1008 1569 1087 1614 (24,
1113 1572 1176 1612 28,
1205 1572 1248 1611 1).

1056 1616 1236 1662 impediit]
1280 1614 1446 1650 insofern
1490 1614 1550 1649 die
1591 1613 1754 1649 Consuln

1009 1663 1218 1699 veranlasst
1242 1662 1411 1705 wurden,
1438 1661 1499 1697 die
1524 1661 1755 1705 Aushebung

1008 1722 1051 1744 zu
1076 1709 1348 1744 unterbrechen
1379 1709 1455 1743 und
1479 1708 1550 1743 mit
1581 1708 1666 1743 dem
1692 1707 1754 1743 Se-

1008 1758 1096 1792 nate
1121 1767 1254 1801 wegen
1279 1756 1346 1791 der
1368 1755 1599 1800 Massregeln
1623 1766 1667 1789 zu
1691 1755 1754 1789 be-

1008 1804 1293 1848 rathschlagen,
1333 1803 1394 1838 die
1426 1815 1488 1838 zur
1512 1802 1755 1847 Herstellung

1010 1852 1076 1886 der
1088 1851 1194 1886 Ruhe
1210 1850 1452 1885 erforderlich
1472 1860 1611 1893 waren3
1634 1861 1660 1884 S.
1676 1854 1709 1892 4,
1723 1854 1754 1884 1.

1060 1903 1112 1934 10.
1146 1911 1170 1934 α
1187 1900 1225 1934 vi
1244 1897 1478 1944 tempestatis]
1500 1897 1602 1932 diese
1622 1895 1755 1931 Worte

1011 1946 1094 1980 sind
1122 1956 1194 1989 eng
1218 1945 1290 1979 mit
1308 1946 1516 1990 periculum
1540 1955 1584 1978 zu
1608 1943 1755 1978 verbin-

1010 1994 1100 2028 den:
1129 1992 1205 2027 ‘die
1231 2003 1306 2027 von
1326 2020 1333 2027 .
1356 2020 1363 2027 .
1386 1991 1589 2027 drohende’
1616 1989 1756 2026 Gefahr

1010 2051 1087 2074 war
1099 2041 1291 2085 publicum
1307 2056 1352 2069 =
1365 2039 1597 2084 reipublicae,
1618 2055 1662 2068 =
1682 2036 1759 2071 traf

1011 2088 1084 2122 den
1104 2087 1220 2130 Staa‘c,
1248 2086 1281 2121 d.
1302 2086 1338 2121 h.
1366 2086 1438 2120 den
1463 2086 1561 2120 etwa
1579 2084 1696 2119 durch
1716 2112 1723 2119 .
1746 2112 1753 2118 .

1011 2133 1295 2178 angerichteten
1339 2133 1511 2167 Schaden
1560 2133 1648 2176 trug
1690 2130 1756 2165 der

1012 2181 1134 2223 Staat3
1160 2180 1235 2224 vgl.
1262 2179 1297 2222 4,
1325 2184 1380 2222 25,
1402 2185 1421 2214 6
1448 2191 1472 2214 a
1490 2180 1653 2225 penuria.
1676 2178 1755 2221 fru-

1011 2229 1122 2263 menti
1155 2228 1361 2271 periculum
1391 2227 1476 2270 fuit.
1532 2225 1600 2260 Bei
1636 2224 1755 2259 Liefe-

1011 2285 1156 2318 rungen
1176 2273 1234 2307 fiir
1254 2273 1315 2307 die
1329 2272 1462 2307 Armee
1475 2283 1552 2307 war
1571 2271 1651 2307 dies
1672 2271 1756 2306 eine

1013 2319 1272 2366 gewohnliche
1297 2319 1522 2365 Bedingung
1547 2319 1612 2354 der
1636 2318 1757 2354 Liefe-

1012 2369 1155 2402 ranten.

1061 2415 1173 2460 falsa]
1195 2414 1247 2449 ist
1264 2414 1326 2449 bei
1346 2415 1507 2450 ementiti
1529 2417 1633 2450 erant
1651 2412 1758 2448 fiber-

1014 2462 1145 2506 fli'issig
1174 2461 1250 2496 und
1281 2473 1351 2496 nur
1385 2462 1440 2495 als
1473 2460 1680 2506 Gegensatz
1714 2471 1757 2493 zu

1016 2510 1099 2544 dem
1124 2508 1327 2553 folgenden
1350 2519 1436 2544 vera
1460 2506 1715 2552 hinzugefflgt.

1065 2560 1119 2591 11.
1170 2556 1335 2601 quassas]
1382 2555 1464 2590 eine
1505 2553 1757 2589 dichterische

1015 2603 1137 2646 Form,
1163 2602 1223 2636 fiir
1248 2602 1390 2636 welche
1416 2601 1495 2637 Liv.
1523 2601 1628 2636 sonst
1651 2611 1757 2645 quas-

1015 2655 1117 2686 satus
1142 2648 1349 2684 anwendet.

1066 2701 1120 2732 12.
1159 2695 1342 2741 indicata]
1374 2706 1449 2731 von
1479 2693 1611 2740 irgend
1638 2692 1758 2728 einem

1016 2743 1158 2788 Burger
1186 2742 1227 2777 in
1250 2741 1361 2777 Form
1391 2741 1493 2777 einer
1515 2740 1758 2785 Privatklage

1018 2790 1084 2825 auf
1117 2789 1274 2834 Reti-ug,
1312 2789 1600 2832 Veruntreuung
1631 2786 1759 2822 offent-

1018 2837 1143 2872 lichen
1158 2836 1274 2871 Gutes
1288 2837 1443 2881 (fua-tum
1450 2836 1629 2881 pecuniae
1636 2834 1759 2881 publi-
