1882 3163
111 753 130 782 6
158 743 281 782 esset.

161 114 215 154 14
698 113 843 147 LIBER.
867 113 979 148 XXV.
1021 113 1119 148 6111
1149 118 1180 149 e.

1510 131 1538 148 a.
1561 132 1590 150 u.
1613 132 1639 150 c.
1659 125 1723 151 542.

158 210 425 264 provinciam
457 223 535 251 nos
569 212 707 251 morte
743 224 893 264 regum
929 211 1149 252 turbatam
1188 211 1241 251 ad
1281 224 1410 265 grave
1449 211 1609 252 bellum
1653 211 1722 252 ad—

111 280 131 310 3
158 284 304 310 versus
339 268 502 310 Siculos
536 268 662 310 simul
694 268 946 323 Poenosque
984 270 1099 310 mitti
1138 272 1181 311 et
1213 270 1423 324 sanguine
1454 272 1601 311 nostro
1633 271 1724 311 vul-

157 328 416 382 neribusque
458 328 619 369 nostris
671 328 839 369 senatui
889 328 1185 370 satisfacturos
1238 342 1348 381 esse,
1393 329 1503 370 sicut
1551 330 1725 382 patrum

158 387 366 428 memoria
411 386 484 440 qui
528 386 643 440 capti
685 400 712 427 a
750 386 916 441 Pyrrho
961 388 1013 428 ad
1051 387 1305 429 Heracleam
1343 389 1483 440 erant,
1521 387 1724 428 adversus

111 457 132 486 4
158 445 373 500 Pyrrhum
405 446 547 500 ipsum
579 448 821 500 pugnantes
855 446 1167 488 satisfecerunt.

1230 460 1491 500 quamquam
1523 446 1638 501 quod
1670 446 1724 488 ob

158 505 359 545 meritum
395 506 594 546 nostrum
635 505 956 555 suscensuistis,
1002 508 1145 559 patres
1192 505 1439 559 conscripti,
1478 506 1603 546 nobis
1652 507 1726 546 aut

111 574 131 605 5
159 563 450 604 suscensetis?
484 563 610 604 ambo
644 563 751 604 mihi
777 564 972 605 consules
999 567 1042 605 et
1067 564 1315 605 universum
1343 566 1540 605 senatum
1565 564 1726 605 intueri

157 622 317 676 videor,
350 637 446 664 cum
477 625 532 676 te,
562 622 626 664 M.
652 622 866 675 Marcelle,
898 623 1081 677 intueor,
1114 638 1239 677 quem
1273 623 1308 664 si
1342 622 1394 664 ad
1422 621 1592 664 Cannas
1626 637 1725 664 con-

158 682 293 722 sulem
325 681 642 735 habuissemus,
679 682 829 723 melior
866 684 908 722 et
943 684 1005 722 rei
1043 682 1239 736 publicae
1278 684 1322 722 et
1358 684 1512 723 nostra
1551 681 1727 723 fortuna

350 741 458 794 sine,
503 755 680 794 quaeso,
719 741 970 795 priusquam
1003 741 1054 781 de
1087 741 1337 782 condicione
1369 744 1519 782 nostra
1558 755 1726 795 queror,

156 814 326 852 noxam,
345 799 465 840 cuius
493 801 724 853 arguimur,
750 814 828 840 nos
855 812 1051 854 purgare.
1102 800 1137 840 si
1162 814 1249 841 non
1276 799 1402 840 deum
1429 800 1494 841 ira
1518 814 1597 841 nec
1623 799 1725 853 fato,

159 859 277 900 cuius
309 859 404 912 lege
429 858 663 899 immobilis
690 873 833 899 rerum
858 859 1145 899 humanarum
1172 858 1273 899 ordo
1302 860 1468 912 seritur,
1501 859 1573 900 sed
1599 859 1726 912 culpa

157 917 362 972 periimus
395 917 448 958 ad
481 916 668 970 Cannas,
700 917 819 958 cuius
852 916 1027 958 tandem
1060 931 1110 958 ea
1141 917 1267 971 culpa
1305 917 1415 958 fuit‘?
1454 917 1639 958 militum
1672 932 1728 958 an

113 990 131 1020 7
159 976 500 1030 imperatorum?
534 976 729 1030 equidem
760 975 885 1017 miles
917 975 1026 1016 nihil
1058 990 1264 1031 umquam
1296 976 1434 1017 dicam
1466 976 1516 1016 de
1542 976 1724 1030 impera—

158 1039 251 1076 tore
283 1049 392 1089 meo,
425 1035 493 1076 cui
525 1035 780 1088 praesertim
813 1035 976 1090 gratias
1010 1035 1144 1076 sciam
1176 1035 1230 1076 ab
1264 1037 1416 1075 senatu
1449 1037 1579 1088 actas,
1613 1035 1726 1089 quod

159 1109 247 1135 11011
279 1094 567 1148 desperaverit
598 1093 648 1134 de
680 1108 725 1134 re
756 1094 948 1147 publica,
987 1094 1054 1135 cui
1085 1096 1186 1148 post
1217 1093 1367 1149 fugam
1401 1109 1425 1134 a
1459 1092 1620 1136 Cannis
1651 1108 1727 1147 per

112 1166 132 1196 8
160 1167 307 1194 omnes
341 1167 476 1194 annos
508 1156 789 1207 prorogatum
820 1152 1059 1206 imperium.

1120 1155 1284 1194 ceteros
1316 1153 1419 1193 item
1451 1167 1502 1194 ex
1533 1153 1726 1207 reliquiis

161 1211 293 1253 cladis
326 1212 434 1265 eius,
473 1226 578 1266 quos
610 1212 806 1253 tribunos
844 1211 1030 1252 militum
1067 1211 1316 1266 habuimus,
1353 1211 1539 1253 honores
1580 1214 1728 1266 petere

113 1285 132 1315 9
160 1273 202 1312 et
234 1284 380 1326 gerere
413 1273 455 1311 et
486 1270 727 1325 provincias
761 1271 954 1312 obtinere
989 1270 1240 1311 audivimus.

1303 1285 1357 1311 an
1398 1270 1520 1311 vobis
1552 1270 1729 1311 vestris-

161 1344 241 1384 que
274 1329 419 1370 liberis
451 1329 676 1383 ignoscitis
707 1329 845 1383 facile,
876 1332 1021 1383 patres
1048 1329 1298 1383 conscripti3
1330 1330 1375 1370 in
1400 1329 1506 1370 haec
1532 1329 1634 1370 vilia
1660 1344 1728 1371 ca-

160 1390 253 1443 pita
279 1389 442 1429 saevire
470 1389 592 1430 libet?
619 1391 662 1430 et
686 1389 853 1430 consuli
873 1388 1219 1443 primoribusque
1240 1389 1335 1429 aliis
1359 1388 1546 1430 civitatis
1567 1388 1732 1443 fugere,

208 1563 347 1608 reglum]
380 1562 494 1597 Hiero
520 1562 555 1596 H
580 1562 655 1596 und
682 1562 761 1596 sein
786 1562 907 1597 Enkel

161 1610 422 1654 Hieronymus,
450 1610 515 1643 der
532 1609 612 1643 ihm
631 1609 669 1643 in
690 1610 755 1643 der
773 1609 906 1654 Regie-

161 1669 257 1701 rung
281 1657 411 1701 folgte.

209 1727 451 1761 sperassemus
465 1743 471 1750 .
483 1745 489 1750 .
502 1716 613 1761 mitti]
628 1715 692 1749 der
705 1714 772 1750 Inf.
782 1714 905 1750 Praes.

161 1763 212 1797 ist
231 1763 327 1797 nach
345 1763 485 1797 diesem
498 1762 663 1796 Verbum
678 1762 717 1796 in
737 1763 802 1796 der
816 1762 905 1797 Bed.

164 1810 261 1844 ‘sich
287 1810 557 1852 schmeicheln,
585 1810 780 1844 erwarten’
815 1820 908 1854 ganz

162 1857 415 1901 gewohnlich;
438 1868 478 1891 so
499 1857 593 1890 auch
614 1861 670 1900 32,
693 1862 712 1891 6
733 1868 810 1901 spes
829 1861 907 1891 erat

162 1906 252 1939 satis
277 1916 348 1939 esse
372 1904 638 1949 unpersonlich
665 1905 758 1938 statt
786 1915 907 1948 spera-

164 1953 260 1987 bant.
300 1952 366 1994 33,
389 1956 420 1993 5,
443 1956 461 1985 1
488 1963 584 1995 spem
608 1956 738 1986 nactus
758 1962 825 1995 per
850 1951 907 1985 Τι’-

161 2010 299 2033 moozem
319 2000 432 2043 procli
456 2000 579 2033 arbem
607 1998 682 2032 ‘die
704 1998 908 2032 Ueberzeu-

163 2046 279 2089 gung’
308 2057 342 2080 11.
372 2056 411 2079 so
439 2046 503 2080 oft.
556 2045 628 2079 Fflr
654 2045 726 2079 den
753 2045 908 2079 zweiten

164 2092 401 2136 abhangigen
443 2092 609 2126 Infinitiv
655 2094 908 2135 satisfacturos

163 2150 234 2174 esse
259 2139 311 2172 ist
336 2139 396 2172 die
422 2149 514 2182 geW.
542 2139 631 2173 Bed.
660 2139 724 2173 des
744 2139 908 2173 Verbum

163 2197 308 2231 sperare
333 2197 375 2218 zu
402 2185 664 2221 wiederholen.

212 2249 243 2279 3.
283 2245 332 2279 acl
357 2244 588 2289 Heracleam]
620 2243 728 2278 Stadt
752 2243 907 2278 Lucani-

165 2303 230 2326 ens
256 2302 315 2325 am
337 2290 427 2325 Siris
453 2291 548 2325 nahe
569 2291 630 2324 bei
651 2291 783 2325 dessen
802 2290 907 2324 Mun-

165 2339 267 2383 dung
291 2339 330 2372 in
362 2338 433 2372 (1611
463 2337 757 2372 tarentinischen
790 2337 907 2371 111661·-

164 2386 297 2428 busen,
325 2385 504 2419 Schlacht
528 2385 551 2419 i.
577 2386 609 2420 J.
638 2390 706 2420 280
732 2397 765 2419 v,
796 2384 877 2419 Chr.

212 2449 244 2478 4.
283 2444 515 2489 quamquam]
542 2443 623 2478 hier
648 2443 698 2477 ist
724 2443 789 2476 der
817 2442 907 2475 Zwi-

167 2491 450 2535 schengedanke
466 2503 509 2524 zu
523 2494 719 2535 erganzen:
750 2491 805 2523 ‘so
821 2490 908 2523 aber

165 2539 338 2572 kommen
363 2538 431 2571 wir
457 2538 563 2571 darin
588 2537 788 2582 get'auscht
813 2537 909 2581 jetzt

167 2597 209 2618 zu
229 2585 314 2627 dir’,
339 2597 439 2619 mmo
463 2596 544 2620 vero
568 2586 653 2619 haec
677 2595 756 2628 spes
774 2595 839 2618 ‘nos
858 2586 907 2626 fe-

166 2633 269 2674 fellit,
297 2632 386 2666 oder
410 2644 509 2667 'nmw
533 2643 614 2666 vero
639 2633 738 2666 tristi
762 2635 909 2665 senatus

167 2680 327 2713 consulto
352 2690 432 2713 cum
456 2680 617 2714 hosttbas
633 2689 802 2724 pugnare
821 2688 907 2722 pro-

166 2726 273 2759 hibiti
297 2738 430 2760 smnus.

214 2784 394 2829 meritmn]
434 2783 485 2817 im
524 2784 740 2818 schlechten
780 2782 908 2825 Sinne3

168 2830 242 2871 vgl.
277 2829 341 2872 40,
370 2835 431 2874 15,
462 2836 502 2865 10
534 2842 586 2865 me
616 2833 731 2874 frater
763 2834 910 2865 accusat

167 2877 269 2910 wallo
293 2887 367 2911 meo
392 2878 433 2910 in
457 2888 492 2911 se
516 2879 651 2919 merito,
688 2878 721 2910 d.
748 2878 783 2912 h.
812 2877 908 2911 ohne

981 1563 1041 1597 ein
1056 1563 1343 1597 ‘Verschulden’
1360 1562 1592 1597 meinerseits
1607 1574 1728 1608 gegen

982 1610 1058 1644 ihn.

1023 1661 1150 1702 patres
1176 1657 1386 1702 conscripti]
1415 1656 1475 1690 die
1502 1656 1648 1691 Anrede
1674 1656 1729 1691 im

982 1704 1132 1745 Senate3
1160 1704 1226 1737 der
1245 1704 1393 1738 Redner
1414 1703 1626 1749 verspricht
1647 1703 1728 1738 sich

981 1751 1056 1785 und
1094 1751 1221 1785 macht
1253 1750 1332 1785 sein
1363 1750 1555 1785 Versehen
1588 1750 1728 1785 wieder

981 1800 1048 1843 gut
1083 1798 1200 1832 durch
1239 1798 1311 1831 den
1348 1797 1641 1842 hinzugefi'igten
1673 1809 1726 1831 er-

980 1845 1185 1879 kl'arenden
1201 1845 1284 1879 Satz
1304 1848 1357 1887 ἐξ)
1379 1846 1482 1881 ambo
1502 1846 1625 1889 (enim)
1638 1846 1729 1879 mihi

981 1894 1142 1928 consules
1163 1920 1169 1927 .
1193 1907 1218 1934 -3
1246 1896 1264 1934 ξ
1285 1896 1304 1926 9
1331 1891 1519 1936 begegnet
1543 1891 1622 1925 ihm
1648 1891 1728 1926 der—

982 1940 1083 1974 selbe
1112 1941 1235 1984 lapsus
1261 1940 1418 1984 linquae.
1710 1952 1712 1955 ’

1030 1992 1060 2022 6.
1097 1998 1233 2021 noram
1256 1997 1322 2021 ‘nos
1341 1985 1519 2032 pur-qam]
1548 1985 1633 2020 dass
1659 1985 1729 2019 wir

982 2033 1042 2067 die
1076 2033 1215 2067 Schuld
1246 2033 1326 2067 rein
1357 2033 1514 2067 machen
1546 2050 1590 2062 =
1625 2033 1727 2067 ‘dass

980 2080 1049 2114 wir
1080 2092 1148 2114 uns
1181 2091 1311 2124 wegen
1342 2080 1408 2114 der
1437 2080 1576 2113 Schuld
1608 2080 1728 2114 recht-

980 2127 1176 2171 fertigen'3
1204 2127 1341 2162 ebenso
1367 2126 1427 2168 34,
1449 2131 1504 2168 62,
1526 2130 1546 2160 5
1573 2128 1622 2162 acl
1635 2138 1726 2172 pur-

979 2176 1105 2220 9cmda
1143 2175 1299 2209 crimina
1329 2173 1484 2208 Romam
1518 2184 1574 2208 eos
1611 2175 1727 2209 ituros

981 2222 1161 2265 comperit.

1030 2273 1060 2302 7.
1099 2267 1275 2312 equidem]
1307 2267 1367 2301 6111
1392 2266 1622 2301 versti'trktes
1647 2268 1726 2311 qui-

980 2316 1075 2357 dem,
1116 2314 1217 2348 steht
1254 2313 1520 2358 bekriiftigend
1554 2324 1727 2359 vorzugs-

981 2361 1093 2395 weise
1125 2361 1186 2395 bei
1220 2361 1284 2395 der
1323 2366 1353 2395 1.
1385 2360 1484 2395 Pers.
1520 2360 1727 2405 Singularis

980 2408 1057 2442 und
1082 2408 1182 2441 kann
1208 2408 1307 2441 dann
1333 2408 1448 2441 durch
1476 2407 1553 2441 ‘ich
1571 2408 1727 2442 meiner-

982 2455 1083 2496 seits.
1104 2455 1167 2488 ich
1186 2454 1245 2488 ffir
1264 2455 1386 2489 meine
1399 2454 1554 2488 Person’
1573 2454 1726 2489 wieder-

981 2502 1150 2546 gegeben
1176 2502 1336 2537 werden.

1029 2550 1089 2583 cai
1115 2549 1345 2594 praesertim]
1380 2565 1423 2577 =
1457 2560 1537 2583 cum
1561 2559 1729 2592 praeser-

981 2597 1047 2631 tim
1072 2597 1115 2630 ei.

1023 2654 1091 2687 per
1125 2654 1244 2677 onmes
1280 2642 1413 2688 annos]
1454 2641 1490 2676 C.
1531 2641 1725 2676 Terentius

983 2689 1099 2723 Varro
1125 2690 1230 2723 hatte
1251 2694 1330 2732 215,
1352 2693 1420 2723 214
1440 2700 1474 2723 u.
1495 2691 1564 2723 213
1585 2700 1618 2722 V.
1641 2688 1724 2723 Chr.

983 2736 1038 2770 als
1061 2736 1263 2770 Proconsul
1289 2736 1327 2770 in
1346 2735 1521 2769 Picenum
1543 2746 1728 2769 comman-

984 2783 1091 2818 (liert.

1030 2834 1060 2864 9.
1088 2831 1174 2865 haec
1192 2831 1284 2865 vilia
1302 2829 1441 2874 capita]
1469 2829 1567 2862 ‘uns’
1590 2828 1726 2862 werth-

981 2877 1060 2910 lose
1087 2876 1308 2921 Geschopfe.
