1882 3163
120 116 146 135 a.
165 108 232 135 chr.
251 116 280 134 n.
299 109 361 134 212.
641 97 786 132 LIBER
813 96 924 132 XXV.
965 96 1066 132 CAP.
1092 101 1148 132 27.
1623 97 1676 138 57

121 199 164 238 et
195 196 281 238 situ
313 198 356 238 et
391 195 667 237 munimentis
704 197 817 249 tuta3
854 194 938 236 tria
976 194 1097 236 milia
1138 194 1321 236 alterum
1359 194 1412 236 ab
1446 192 1680 248 Syracusis,

123 255 306 297 alterum
338 255 581 310 quindecim
613 255 745 296 abest.
809 268 857 295 eo
890 256 932 294 et
963 256 1222 295 commeatus
1255 268 1276 295 e
1309 253 1555 295 civitatibus
1591 253 1679 295 suis

121 315 450 369 comportabant
481 316 524 356 et
554 313 712 355 auxilia
744 312 1031 354 accersebant.
1081 313 1246 354 interea
1276 312 1493 354 Bomilcar
1523 312 1679 353 iterum
1704 323 1724 353 -2

121 388 218 415 cum
249 373 382 415 classe
413 372 630 428 profectus
663 370 970 426 Carthaginem
1000 372 1063 412 ita
1105 372 1298 426 exposita
1335 372 1506 413 fortuna
1546 371 1679 413 socio-

120 447 233 487 rum,
272 435 320 474 ut
357 447 476 487 spem
514 432 673 474 faceret
709 444 797 472 non
835 430 942 485 ipsis
982 430 1110 473 modo
1149 431 1376 472 salutarem
1421 445 1545 486 opem
1576 430 1680 472 ferri

120 505 260 546 posse,
293 491 366 533 sed
391 491 610 534 Romanos
642 503 810 545 quoque
841 489 887 530 in
919 491 1043 544 capta
1075 489 1258 543 quodam
1289 489 1416 532 modo
1443 490 1547 531 urbe
1575 491 1680 545 capi,

120 551 320 606 perpulit,
352 553 400 592 ut
431 549 649 592 onerarias
681 563 813 590 naves
847 563 975 603 quam
1001 548 1222 603 plurumas
1251 549 1366 590 omni
1392 549 1515 603 copia
1538 564 1680 591 rerum
1706 561 1726 591 3

121 612 299 652 onustas
342 623 484 651 secum
524 609 745 650 mitterent
791 607 1055 663 classemque
1101 622 1222 649 suam
1267 610 1482 662 augerent.
1548 608 1680 663 igitur
1706 620 1728 650 4

120 671 292 712 centum
322 669 504 724 triginta
534 668 715 709 navibus
747 667 890 722 longis
923 666 1206 722 septingentis
1234 666 1438 708 onerariis
1464 667 1679 721 profectus

123 743 147 770 a
174 727 436 783 Carthagine
469 727 573 769 satis
598 740 826 781 prosperos
853 729 1003 768 ventos
1030 726 1083 767 ad
1108 726 1392 768 traiciendum
1418 726 1462 768 in
1492 725 1681 768 Siciliam

120 787 289 842 habuit3
323 787 395 828 sed
425 786 554 828 iidem
584 786 702 828 venti
734 799 934 839 superare
973 800 1069 826 eum
1101 785 1348 840 Pachynum
1382 786 1681 840 prohibebant.

120 846 374 888 Bomilcaris
407 846 614 887 adventus
646 845 762 886 fama
793 845 944 899 primo,
976 844 1074 886 dein
1100 847 1270 899 praeter
1296 859 1413 899 spem
1439 859 1560 886 mora
1586 860 1681 887 cum
1708 857 1728 887 5

121 905 323 961 gaudium
362 907 404 946 et
440 907 601 947 metum
646 904 692 945 in
733 905 868 946 vicem
905 903 1113 945 Romanis
1153 903 1516 959 Syracusanisque
1561 919 1680 959 prae-

119 965 296 1019 buisset,
321 964 534 1019 Epicydes
560 966 766 1018 metuens,
792 978 846 1005 ne
871 964 906 1004 si
933 966 1163 1018 pergerent
1187 963 1327 1017 iidem,
1354 963 1426 1018 qui
1452 966 1545 1004 tum
1564 966 1680 1005 tene·
1709 976 1728 1006 6

121 1024 241 1078 bant,
274 1023 327 1065 ab
361 1025 457 1065 ortu
491 1023 594 1064 solis
626 1023 729 1064 flare
761 1037 837 1077 per
869 1022 957 1064 dies
988 1023 1131 1076 plures
1163 1022 1302 1074 venti,
1339 1022 1489 1064 classis
1521 1022 1683 1065 Punica

122 1082 315 1124 Africam
346 1084 576 1137 repeteret,
608 1082 768 1123 tradita
797 1081 1046 1124 Achradina
1076 1082 1466 1124 mercennariorum
1497 1082 1683 1123 militum
1710 1095 1728 1124 τ

123 1141 300 1184 ducibus
334 1141 387 1182 ad
418 1141 704 1183 Bomilcarem
734 1141 921 1196 navigat.
984 1140 1163 1183 classem
1193 1141 1238 1182 in
1264 1141 1450 1183 statione
1481 1156 1605 1182 versa
1636 1142 1681 1182 in
1708 1153 1728 1184 S

122 1201 316 1243 Africam
346 1200 575 1242 habentem
608 1202 734 1256 atque
766 1201 989 1242 timentem
1020 1201 1174 1242 navale
1206 1200 1433 1255 proelium,
1473 1215 1561 1242 non
1591 1203 1683 1242 tam

126 1260 238 1316 quod
269 1262 410 1314 impar
441 1259 603 1301 viribus
636 1262 710 1301 aut
740 1274 917 1301 numero
950 1260 1125 1301 navium
1151 1261 1263 1301 esset
1292 1283 1341 1288 —
1371 1260 1527 1314 quippe
1554 1260 1683 1301 etiam

123 1320 266 1374 plures
297 1319 487 1360 habebat
518 1343 587 1373 —,
619 1334 748 1374 quam
788 1319 901 1374 quod
932 1319 1048 1360 venti
1079 1319 1267 1373 aptiores
1298 1319 1518 1360 Romanae
1557 1333 1684 1373 quam

126 1393 225 1420 suae
257 1378 385 1420 classi
416 1378 581 1431 flarent,
612 1379 800 1432 perpulit
831 1381 993 1429 tamen,
1025 1381 1074 1419 ut
1103 1378 1322 1420 fortunam
1351 1378 1517 1420 navalis
1550 1380 1683 1420 certa-

124 1438 252 1479 minis
285 1437 466 1492 experiri
498 1437 639 1478 vellet.
691 1440 733 1478 et
764 1437 994 1479 Marcellus
1027 1452 1121 1479 cum
1154 1440 1196 1479 et
1231 1436 1421 1479 Siculum
1453 1437 1683 1479 exercitum
1711 1450 1730 1481 9

126 1512 176 1538 ex
215 1499 309 1538 tota
341 1496 483 1538 insula
521 1496 681 1538 conciri
712 1496 874 1538 videret
905 1499 947 1538 et
979 1511 1074 1538 cum
1106 1497 1271 1551 ingenti
1303 1500 1545 1538 commeatu
1578 1496 1683 1538 clas-

126 1571 214 1597 sem
246 1555 453 1597 Punicam
486 1555 725 1609 adventare,
756 1570 810 1596 ne
843 1556 970 1597 simul
1002 1559 1119 1597 terra
1145 1556 1336 1610 marique
1363 1555 1553 1597 inclusus
1579 1556 1683 1597 urbe

123 1615 315 1656 host-ium
342 1618 577 1669 urgeretur,
610 1629 868 1669 quamquam
893 1615 1032 1669 impar
1057 1629 1235 1656 numero
1260 1615 1435 1656 navium
1462 1618 1564 1669 erat,
1589 1629 1684 1670 pro-

124 1674 270 1715 hibere
304 1673 421 1715 aditu
455 1672 761 1728 Syracusarum
789 1673 1073 1716 Bomilcarem
1105 1674 1337 1716 constituit.
1388 1674 1494 1715 duae
1527 1675 1683 1716 classes
1713 1686 1754 1717 10

125 1733 306 1774 infestae
333 1732 444 1774 circa
470 1733 813 1787 promunturium
833 1732 1081 1788 Pachynum
1106 1733 1293 1787 stabant,
1318 1733 1391 1775 ubi
1410 1733 1549 1788 prima
1568 1736 1683 1775 tran-

131 1792 322 1846 quillitas
354 1792 485 1833 maris
517 1792 561 1833 in
589 1792 722 1833 altum
750 1793 970 1846 evexisset,
997 1807 1290 1834 concursurae.
1339 1793 1483 1847 itaque
1510 1792 1684 1834 cadente
1713 1805 1752 1836 11

173 1919 274 1960 221.
289 1921 363 1954 tria
377 1920 496 1965 milia]
508 1919 670 1953 namlich
679 1931 868 1964 passuum,

127 1978 202 2001 was
236 1966 321 2000 sehr
358 1966 594 2011 gewohnlich
631 1967 728 2001 nach
765 1969 870 2002 milia

127 2013 365 2058 ausgclassen
392 2013 495 2047 wird.

172 2062 391 2107 quindecim]
404 2072 507 2095 wozu
521 2060 701 2096 ebenfalls
714 2063 817 2097 milia
826 2074 868 2096 zu

125 2109 286 2143 nehmen
306 2107 364 2152 ist,
392 2109 458 2143 das
479 2108 516 2142 in
540 2109 686 2143 solcher
714 2109 869 2144 Verbin-

127 2156 229 2200 dung
255 2155 359 2190 nicht
383 2156 627 2201 hinzugeffigt
653 2168 694 2190 zu
721 2157 868 2191 werden

126 2202 258 2248 pflegt;
298 2203 372 2248 vgl.
399 2203 465 2246 26,
491 2207 551 2247 21,
581 2208 624 2238 14
658 2209 733 2239 octo
764 2206 869 2239 milia

120 2251 296 2296 peditum,
324 2252 399 2285 tria
425 2251 673 2286 Numidarum
699 2253 866 2296 equitum.

173 2302 205 2332 3.
238 2298 417 2343 perpulit]
459 2298 606 2333 absolut
637 2316 680 2328 =
721 2299 868 2333 ‘durch-

127 2345 263 2386 setzcn,
277 2344 392 2378 dahin
409 2344 598 2389 bringen';
615 2346 784 2391 dagegen
801 2347 869 2380 mit

128 2390 261 2435 object
285 2395 303 2432 ξ
330 2395 350 2425 8
376 2392 449 2425 und
477 2396 533 2434 28,
560 2396 592 2428 5.

174 2444 206 2474 4.
236 2439 345 2472 iidem
368 2440 465 2473 venti
485 2440 738 2485 prohibebant]
767 2439 868 2474 diese

126 2485 262 2519 Winde
283 2485 430 2520 werden
450 2490 468 2527 ξ
485 2491 504 2521 6
526 2497 697 2531 ungenau
718 2486 773 2520 als
789 2486 869 2521 Ost-

127 2532 268 2575 winde,
295 2536 313 2573 ,ἐξ
343 2537 382 2567 11
411 2544 574 2576 genauer
599 2533 653 2567 als
680 2533 798 2567 Eurus
825 2551 869 2563 =

129 2579 286 2614 SOwind
312 2579 540 2615 bczeichnet.
591 2580 782 2615 Bomilkar
815 2592 868 2615 se-

128 2626 227 2672 gelte
248 2627 326 2661 also
347 2627 415 2660 mit
435 2627 583 2661 halbem
604 2627 739 2662 winde
767 2629 870 2671 (satis

121 2685 314 2720 prosperos
327 2686 356 2709 v.
382 2674 551 2708 ‘leidlich
573 2674 757 2719 giinstig’)
772 2675 868 2709 nach

129 2721 284 2756 Sicilien
325 2721 499 2763 hiniibcr;
551 2733 611 2755 um
655 2722 870 2765 Pachynum

128 2768 267 2803 konnte
282 2779 322 2803 er
334 2769 438 2803 nicht
452 2769 766 2811 herumkommen‚
784 2769 869 2803 weil

130 2815 206 2849 ihm
232 2827 307 2849 nun
334 2815 399 2850 der
425 2815 541 2850 Eurus
569 2816 732 2850 contrait
756 2828 843 2851 war.

177 2867 208 2898 6.
241 2864 420 2909 tenebant]
450 2876 476 2898 s.
504 2875 545 2897 zu
571 2868 627 2906 39,
657 2868 709 2898 10.

991 1924 1020 1954 7.
1042 1922 1369 1955 ‹nzcrcemzariorzmz
1394 1920 1566 1966 militum]
1590 1921 1684 1955 mili-

941 1971 1016 2002 tum
1035 1966 1086 2001 ist
1107 1967 1337 2011 iibcrfliissig,
1363 1967 1460 2002 doch
1474 1967 1591 2001 findet
1606 1967 1685 2002 sich

941 2013 1002 2049 bei
1021 2013 1099 2051 Liv.
1121 2014 1223 2050 diese
1242 2014 1486 2059 Verbindung
1510 2015 1684 2059 gewohn-

941 2061 1017 2095 lich
1045 2064 1118 2106 (29,
1146 2065 1198 2107 8),
1230 2063 1305 2097 und
1337 2074 1434 2096 zwar
1459 2062 1527 2096 mit
1553 2073 1684 2097 voran-

941 2110 1154 2154 gestelltem
1180 2109 1276 2154 Adj„
1303 2122 1365 2144 um
1392 2109 1520 2144 diesen
1545 2109 1689 2155 Begriff

940 2156 1258 2199 hervorzuhebem
1285 2157 1360 2202 vgl.
1388 2157 1454 2199 30,
1483 2161 1521 2199 8,
1548 2161 1568 2192 8
1595 2168 1683 2192 mer-

941 2205 1124 2239 cannariis
1156 2206 1267 2239 armis
1298 2206 1340 2240 in
1370 2205 1539 2249 Africam
1571 2215 1684 2250 oppu-

940 2256 1091 2297 quatum
1116 2256 1295 2288 venerant.

988 2320 1020 2351 8.
1049 2318 1091 2351 in
1119 2319 1273 2353 statione
1296 2328 1399 2352 versa
1423 2318 1464 2351 in
1489 2317 1552 2362 A]
1578 2315 1685 2350 nicht

941 2363 1001 2398 (116
1014 2366 1124 2399 statio
1138 2364 1211 2407 ((116
1226 2365 1369 2408 Rhode>
1388 2363 1437 2397 ist
1450 2375 1551 2398 versa
1570 2364 1611 2397 in
1624 2364 1683 2407 A„

942 2411 1099 2446 sondcrn
1133 2411 1191 2445 die
1220 2410 1355 2445 Schiffe
1383 2411 1514 2452 sellis-m
1549 2409 1682 2444 daher:

943 2457 1064 2492 dieser
1083 2458 1187 2492 hatte
1208 2457 1307 2493 seine
1328 2457 1450 2492 Flotte
1476 2468 1515 2491 so
1537 2456 1603 2491 auf
1618 2457 1684 2491 der

941 2505 1083 2546 Rheae,
1116 2505 1202 2539 dass
1229 2505 1281 2539 sie
1307 2505 1403 2539 nach
1428 2505 1470 2539 A.
1498 2504 1686 2548 gei-ichtet

941 2562 1018 2585 war
1043 2551 1125 2595 (mit
1150 2552 1222 2587 den
1247 2551 1558 2595 Vordertheilcn).

942 2667 953 2697 t
990 2621 1021 2651 9.
1048 2617 1134 2652 urbe
1158 2617 1327 2663 hostium]
1357 2628 1382 2651 s.
1410 2628 1451 2650 zu
1481 2620 1535 2658 11,
1558 2620 1599 2651 15
1626 2617 1682 2651 in-

959 2674 1008 2697 us.

992 2727 1045 2757 10.
1071 2723 1254 2767 evesa-isset]
1282 2722 1358 2758 Liv.
1382 2724 1467 2766 sagt
1486 2722 1611 2767 hitufig
1630 2722 1681 2756 in-

942 2769 1115 2803 transitiv
1144 2771 1185 2804 in
1215 2771 1328 2804 altum
1353 2770 1465 2813 evehi,
1498 2769 1578 2804 hier
1604 2781 1682 2805 ver-

944 2816 1077 2851 einzelt
1090 2816 1263 2851 transitiv
1278 2818 1414 2852 evehere
1428 2833 1471 2846 =
1489 2816 1564 2851 ‘die
1576 2816 1681 2852 Hohc

944 2863 1008 2898 des·
1034 2863 1174 2898 Moe-res
1201 2864 1396 2909 gewinnen
1423 2864 1574 2900 lassen’.
