1882 3163
201 130 255 171 38
731 129 877 165 LIBER
902 129 1014 164 XXV.
1055 129 1155 165 CAP.
1185 134 1238 165 16.

1560 148 1585 167 a.
1607 148 1636 166 u.
1656 148 1682 167 c.
1703 141 1763 167 542.

200 229 371 281 captus,
409 240 503 267 cum
546 225 770 267 lictoribus
809 241 857 268 ac
888 229 1032 268 turma
1069 227 1261 282 equitum
1299 241 1320 267 e
1354 226 1505 267 castris
1547 226 1764 281 profect-us

130 296 173 326 16
200 285 304 326 011166
335 284 505 338 hospite
537 286 583 326 in
614 285 793 326 insidias
819 286 1139 340 praecipitatur.
1189 286 1335 327 hostes
1363 285 1504 327 subito
1537 286 1693 340 exorti,
1724 288 1767 327 et

201 359 254 384 ne
287 343 417 384 dubia
448 343 637 397 proditio
671 346 801 398 esset,
841 343 999 386 Flavus
1031 344 1085 386 iis
1118 359 1161 386 se
1195 345 1400 399 adiungit.
1461 344 1549 385 tela
1579 345 1766 400 undique

130 414 173 444 17
199 404 243 443 in
275 401 516 444 Gracchum
549 405 676 457 atque
709 403 873 457 equites
907 404 1186 445 coniciuntur.
1236 402 1454 444 Gracchus
1486 417 1537 444 ex
1562 417 1668 458 equo
1696 403 1766 445 de-

201 461 306 515 silit3
339 461 453 502 idem
485 464 647 502 ceteros
680 461 819 503 facere
845 462 963 504 iubet
986 463 1285 517 hortaturque,
1316 464 1365 502 ut
1396 462 1509 516 quod
1541 477 1674 503 unum
1699 477 1764 504 re-

130 532 172 562 18
199 521 363 574 liquum
395 520 569 562 fortuna
599 520 762 574 fecerit,
793 521 836 562 id
861 521 1142 563 cohonestent
1166 522 1336 562 virtute.
1385 521 1596 575 reliquum
1622 523 1764 563 autem

199 579 301 634 quid
327 593 419 620 esse
445 580 592 633 paucis
621 594 646 621 a
670 555 945 621 multitudine
970 581 1015 621 in
1041 581 1152 622 valle
1180 580 1288 621 silva
1308 594 1356 621 ac
1376 580 1596 621 montibus
1617 583 1765 635 saepta

130 649 170 679 19
199 639 498 679 circumventis
539 641 710 692 praeter
751 639 963 680 mortem?
1015 639 1058 680 id
1098 639 1277 693 referre,
1320 642 1465 680 utrum
1509 639 1762 693 praebentes

199 712 378 751 corpora
409 711 611 751 pecorum
649 697 776 739 modo
815 698 943 739 inulti
980 698 1264 749 trucidentui,
1303 712 1359 739 an
1389 698 1471 739 toti
1503 713 1527 739 a
1558 698 1762 752 patiendo

198 756 545 811 expectandoque
585 760 738 798 eventu
776 757 819 798 in
856 757 1067 811 impetum
1107 760 1233 811 atque
1271 757 1379 798 iram
1416 757 1547 811 versi,
1585 760 1762 812 agentes

197 816 502 870 audentesque,
533 815 696 869 perfusi
727 816 918 857 hostium
950 830 1097 858 cruore
1135 816 1248 857 inter
1287 816 1596 870 exspirantium
1627 816 1765 857 inimi-

127 885 171 916 ·20
198 888 344 916 corum
385 875 602 916 cumulata
641 889 844 929 armaque
883 877 926 915 et
963 889 1141 928 corpora
1182 874 1348 916 cadant.
1409 874 1628 916 Lucanum
1666 890 1762 929 pro-

196 933 378 975 ditorem
411 948 459 975 ac
490 933 762 988 transfugam
789 947 936 975 omnes
955 937 1169 988 peterent,
1203 934 1276 988 qui
1297 947 1390 975 eam
1415 934 1634 975 victimam
1660 948 1763 988 prae

197 1007 241 1034 se
274 993 327 1033 ad
359 992 520 1033 inferos
553 992 754 1046 misisset,
787 1006 883 1034 eum
915 992 1041 1034 decus
1075 992 1289 1047 eximium,
1315 992 1534 1047 egregium
1556 993 1762 1035 solacium

126 1062 169 1092 21
199 1066 299 1092 suae
338 1052 466 1092 morti
503 1051 792 1093 inventurum.
854 1051 966 1093 inter
1003 1051 1108 1093 haec
1152 1051 1266 1092 dicta
1303 1027 1609 1105 paludamento
1651 1052 1762 1093 circa

197 1111 362 1151 laevum
397 1110 620 1151 brachium
651 1110 813 1152 intorto
847 1135 903 1139 —
936 1125 1038 1152 nam
1070 1125 1124 1152 ne
1157 1113 1277 1152 scuta
1317 1110 1486 1165 quidem
1519 1125 1661 1152 secum
1694 1125 1761 1152 ex-

126 1179 169 1209 22
196 1170 386 1210 tulerant
418 1193 473 1198 —
506 1169 553 1210 in
584 1169 723 1210 hostis
755 1170 964 1223 impetum
994 1170 1107 1211 fecit.
1157 1170 1292 1210 maior
1326 1184 1454 1224 quam
1479 1184 1557 1223 pro
1583 1184 1760 1211 numero

196 1228 421 1270 hominum
454 1228 594 1269 editur
624 1242 789 1283 pugna:
821 1229 972 1270 iaculis
1005 1229 1190 1270 maxime
1223 1231 1372 1282 aperta
1404 1242 1584 1282 corpora
1609 1228 1762 1270 Roma·

194 1301 367 1341 norum,
405 1290 447 1328 et
486 1302 582 1328 cum
613 1288 800 1341 undique
840 1302 890 1328 ex
928 1288 1152 1329 altioribus
1192 1287 1298 1329 locis
1336 1289 1382 1328 in
1420 1302 1570 1329 cavam
1607 1287 1764 1329 vallem

1063 1439 1084 1461 α
1105 1427 1297 1472 patiendo]
1324 1426 1450 1468 hierzu
1475 1426 1526 1460 ist
1551 1427 1669 1461 aversi
1693 1437 1758 1461 aus

1016 1474 1101 1508 dem
1128 1473 1331 1518 folgenden
1355 1475 1450 1509 ”cersi
1475 1485 1518 1507 zu
1538 1474 1700 1516 denken3
1721 1473 1761 1508 in

1015 1521 1081 1555 der
1095 1521 1301 1556 deutschen
1311 1521 1590 1565 Uebersetzung
1605 1521 1664 1555 ein
1676 1521 1759 1555 Satz

1013 1568 1083 1602 mit
1112 1569 1219 1602 ‘statt
1245 1580 1288 1603 zu
1309 1597 1315 1603 .
1339 1569 1375 1602 .'.

1063 1620 1206 1661 ccyeutes
1239 1615 1491 1661 audentesque]
1529 1615 1620 1649 ‘voll
1652 1614 1759 1649 Kraft

1014 1663 1090 1696 und
1104 1662 1240 1705 Muth',
1268 1662 1322 1697 oft
1341 1662 1568 1705 verbunden,
1591 1674 1617 1696 Z.
1639 1661 1679 1696 B.
1702 1667 1758 1705 23,

1017 1714 1075 1750 153
1104 1710 1198 1743 auch
1227 1710 1267 1743 in
1291 1709 1556 1754 umgekehiter
1576 1709 1758 1754 Stellung,

1013 1769 1041 1791 z.
1057 1756 1097 1790 B.
1112 1757 1172 1798 22,
1187 1761 1243 1799 53,
1260 1761 1279 1791 7
1300 1757 1505 1792 audendum
1527 1761 1632 1801 atque
1651 1768 1757 1802 clyen-

1013 1805 1112 1846 dum,
1132 1816 1207 1838 ozon
1226 1805 1505 1839 eonsultcmclum
1525 1804 1579 1839 ait
1597 1804 1639 1838 in
1657 1807 1759 1839 tanto

1012 1852 1108 1885 mulo
1133 1862 1213 1886 esse.

1054 1899 1200 1942 perfusi
1225 1898 1364 1944 eruore]
1388 1898 1481 1932 eben
1501 1908 1540 1932 so
1562 1898 1622 1941 30,
1643 1902 1698 1941 28,
1720 1902 1757 1941 53

1014 1947 1118 1979 sonst
1152 1945 1349 1979 verbindet
1380 1944 1458 1979 Liv.
1495 1955 1587 1989 gern
1623 1956 1757 1990 resper-

1011 2004 1092 2038 9ere
1118 2004 1253 2027 eruore.

242 1426 378 1472 turma]
401 1430 445 1461 30
460 1426 573 1460 Mann
589 1427 703 1471 stark,
725 1427 791 1461 der
810 1427 942 1462 zehnte

195 1473 303 1508 Theil
330 1473 431 1508 einer
457 1475 529 1509 αἶα.

236 1521 521 1567 praecipitatur]
552 1521 729 1556 ‘sturzen’
758 1521 809 1555 ist
828 1524 939 1556 trans.

196 1585 240 1597 =
260 1570 507 1613 praecipitare
535 1570 604 1613 (24,
633 1572 685 1613 5),
715 1568 868 1603 intrans.
897 1586 941 1598 =

187 1617 437 1660 praecipitare
470 1618 546 1659 (11,
574 1619 607 1659 6)
642 1615 732 1650 oder
757 1617 941 1661 praecipi-

194 1664 286 1698 tari:
319 1662 394 1706 Vgl.
422 1674 464 1696 zu
494 1668 553 1706 11,
581 1667 619 1704 6;
655 1662 751 1696 ‘sich
778 1664 938 1698 stiirzen'

193 1709 245 1743 ist
264 1709 402 1743 medial
416 1711 661 1754 praecipitari
682 1710 771 1744 oder
784 1722 819 1745 se
832 1722 940 1755 prue-

194 1758 347 1802 cipum-e
377 1757 449 1800 (23,
479 1761 532 1800 19,
561 1759 605 1800 6).

244 1808 296 1838 17.
323 1805 500 1848 reliquum
525 1804 664 1850 feeerit]
691 1804 753 1838 bei
772 1803 851 1838 Liv.
879 1816 940 1849 ge-

192 1851 431 1885 brauchliche
470 1851 673 1895 Wendung
711 1851 769 1885 fiir
810 1851 941 1896 ‘fibrig

192 1898 345 1941 lassen’,
372 1910 399 1932 z,
422 1899 460 1932 B.
483 1898 549 1942 26,
570 1903 627 1941 47,
650 1903 668 1933 1
695 1900 830 1942 onmia,
851 1910 941 1943 quae

190 1947 332 1990 reliqua
356 1947 406 1980 eis
433 1946 561 1980 bellum
586 1947 736 1989 fecerat,
769 1947 938 1981 restituit.

240 1993 479 2038 cohonestent]
519 1992 589 2026 mit
621 1993 714 2026 dazu
744 1993 940 2037 beiti-agen

195 2041 315 2082 (cmv),
337 2039 422 2073 dass
444 2042 558 2073 etwas
579 2039 619 2073 in
631 2040 809 2074 hoherem
823 2039 940 2074 Glanz

191 2086 269 2120 und
282 2085 587 2120 Ehrenschmuck
602 2087 802 2121 erscheine.
848 2087 940 2121 Das-

193 2133 294 2167 selbe
327 2132 490 2167 Verbum
525 2134 733 2178 gebraucht
765 2135 803 2169 L.
841 2135 938 2168 noch

192 2179 253 2222 38,
280 2184 335 2222 47,
363 2184 382 2214 3
413 2180 453 2213 in
479 2180 544 2214 der
567 2180 813 2225 Vei-bindung
838 2182 938 2216 eoho—

193 2231 334 2262 mesum-e
358 2227 557 2262 victoriam.

241 2278 295 2308 19.
328 2274 540 2318 praebentes
572 2285 722 2318 corpora
756 2276 937 2310 truciden-

192 2321 273 2366 tur]
316 2321 643 2355 ‘widerstandslos
683 2320 816 2363 (‘sich'
856 2321 937 2355 hin-

192 2367 357 2412 gebend)
401 2368 499 2402 sich
537 2368 805 2402 abschlachten
848 2369 936 2402 las-

193 2416 310 2458 sen',
330 2417 527 2458 trucidare,
549 2415 614 2449 das
637 2415 848 2459 geftihllose
870 2415 936 2449 Zu-

193 2462 481 2496 sammenhauen
527 2462 793 2506 bezeichnend,
843 2462 937 2496 wird

191 2509 393 2543 besonders
420 2521 506 2543 vom
524 2509 620 2544 Vieh
646 2511 789 2554 gesagt.
839 2509 936 2543 Cati-

192 2555 270 2590 lina
301 2556 476 2590 schliesst
508 2556 609 2591 seine
641 2556 857 2601 Ansprache
889 2568 937 2590 an

193 2602 258 2636 das
284 2603 382 2637 Heer
407 2614 474 2637 vor
499 2604 565 2638 der
591 2603 768 2638 Schlacht
792 2603 853 2638 bei
878 2603 936 2637 Pi-

193 2649 308 2684 storia
332 2650 403 2684 mit
428 2649 630 2695 folgenden
649 2650 807 2685 Worten
832 2650 934 2693 (Sall.

194 2695 271 2730 Cat.
300 2700 355 2739 58,
379 2699 456 2741 21):
484 2702 611 2740 cavete,
637 2699 750 2732 inulti
775 2699 936 2732 animam

193 2745 369 2779 amittatis
409 2755 480 2779 neu
523 2746 622 2789 eapti
659 2746 784 2789 potius
826 2745 937 2779 sicuti

186 2800 321 2833 pecora
355 2793 605 2833 t'ruez'derm'nss
637 2804 745 2836 quam
775 2793 936 2826 virorwn

192 2847 287 2870 more
301 2843 509 2881 pufflzcmtes
530 2843 713 2872 cruentam
736 2843 841 2883 atque
862 2839 933 2872 Iuc-

193 2886 328 2917 tuosam
341 2885 526 2919 victorium
539 2886 698 2920 hostibus
709 2886 933 2930 relinquatis.

1060 2051 1232 2084 serumque
1251 2044 1283 2074 et
1302 2039 1469 2085 corpora]
1491 2050 1556 2084 que
1570 2060 1613 2064 —
1628 2043 1661 2074 et
1681 2040 1757 2073 ent-

1013 2087 1195 2131 sprechen
1228 2086 1309 2120 sich
1340 2086 1402 2120 bei
1433 2086 1512 2120 Liv.
1538 2086 1680 2130 haufig,
1717 2097 1757 2120 so

1011 2133 1045 2175 4,
1069 2138 1124 2175 53,
1148 2138 1189 2167 12
1211 2135 1418 2178 plausuque
1443 2137 1475 2168 et
1494 2134 1659 2168 adsensu.
1697 2133 1757 2175 21,

1011 2185 1067 2222 30,
1095 2185 1114 2214 2
1141 2185 1331 2226 96ηὐ63ςμι6
1355 2185 1388 2215 et
1412 2184 1537 2215 terrae.
1573 2179 1633 2222 23,
1660 2184 1715 2221 26,
1736 2183 1758 2214 8

1009 2228 1168 2273 fuyaque
1188 2232 1220 2261 et
1239 2228 1377 2269 caedes,
1405 2226 1481 2271 vgl.
1498 2230 1552 2268 14,
1569 2230 1599 2261 5.
1628 2230 1685 2269 37,
1702 2230 1756 2261 14.

1057 2290 1112 2320 20.
1139 2297 1225 2320 suae
1244 2285 1366 2330 morti]
1395 2296 1469 2319 von
1487 2285 1572 2319 dem
1590 2284 1754 2319 Verbum

1009 2332 1216 2377 abhangig,
1251 2333 1355 2367 sonst
1386 2335 1483 2366 ware
1513 2343 1600 2367 suae
1630 2333 1755 2368 mortis

1009 2381 1152 2424 gesagt.

1056 2443 1111 2473 21.
1145 2437 1423 2483 paludamento]
1451 2438 1754 2482 paludamentum

1008 2485 1059 2519 ist
1097 2485 1162 2519 das
1201 2485 1413 2519 Abzeichen
1457 2485 1520 2518 des
1561 2483 1752 2518 Comman-

1010 2533 1136 2574 deurs,
1169 2536 1361 2577 praetexta
1399 2531 1463 2565 das
1502 2531 1567 2565 der
1600 2530 1752 2565 Consul-

1009 2580 1146 2614 winde.

1055 2626 1174 2672 scuta]
1207 2638 1233 2660 s,
1260 2638 1304 2660 zu
1331 2629 1385 2667 18,
1413 2630 1466 2660 13.

1056 2690 1111 2719 22.
1140 2685 1281 2730 aperta]
1312 2684 1412 2718 ‘weil
1440 2683 1493 2718 sie
1512 2694 1569 2727 ap.
1597 2683 1750 2725 waren',

1007 2731 1167 2776 parallel
1191 2731 1261 2765 mit
1285 2735 1318 2766 et
1343 2743 1423 2766 cum
1446 2731 1606 2774 undique
1627 2758 1633 2763 .
1656 2757 1662 2763 .

1055 2791 1250 2836 coniectus]
1271 2789 1410 2824 ‘freier'
1427 2787 1550 2830 Wurf3
1573 2789 1751 2823 coniectus

1007 2842 1085 2873 erat
1105 2837 1283 2881 (namlich
1302 2838 1463 2879 telorum)
1485 2852 1529 2865 =
1549 2836 1620 2870 tela
1634 2835 1752 2871 conici

1001 2888 1182 2929 poterant.
