1882 3163
156 124 182 143 a.
204 117 255 144 ch.
275 118 336 144 216.
669 108 814 143 LIBER
839 108 953 143 XXII.
1005 108 1108 144 CAP.
1136 112 1191 144 57.
1665 107 1720 149 85

155 216 241 258 tori
286 216 517 258 exercitum
561 215 826 268 tradidisset,
870 215 1009 269 primo
1049 230 1217 270 quoque
1255 218 1466 270 tempore,
1511 217 1719 270 quantum

157 289 234 329 per
255 275 526 317 commodum
551 274 613 315 rei
632 274 831 328 publicae
851 274 945 315 fieri
971 278 1131 328 posset,
1158 274 1342 316 Romam
1362 274 1535 316 veniret.
1576 274 1720 316 territi
1746 285 1766 315 2

158 333 288 375 etiam
322 348 449 388 super
488 336 632 374 tantas
677 332 820 374 clades
865 347 962 374 cum
1007 334 1159 374 ceteris
1203 333 1431 388 prodigiis,
1475 336 1568 375 tum
1608 333 1722 387 quod

157 392 266 434 duae
287 391 486 434 Vestales
508 406 558 434 eo
579 406 715 442 anno,
743 390 913 446 Opimia
934 394 1062 446 atque
1081 391 1295 446 Floronia,
1323 392 1461 446 stupri
1481 395 1723 446 conpertae,

159 454 202 492 et
234 452 370 492 altera
403 451 481 492 sub
512 454 648 503 terra,
687 451 750 492 uti
783 464 876 492 mos
910 452 992 503 est,
1026 450 1079 491 ad
1111 452 1283 504 portam
1317 449 1530 492 Collinam
1567 453 1721 493 necata

156 509 314 563 fuerat,
359 510 494 551 altera
538 509 713 550 sibimet
749 509 845 563 ipsa
883 511 1067 551 mortem
1106 509 1389 550 consciverat:
1434 509 1479 550 L.
1512 508 1722 552 Cantilius
1749 520 1768 550 3

158 569 300 610 scriba
331 568 566 622 pontificis,
605 582 712 622 quos
754 582 867 610 nunc
899 568 1086 609 minores
1118 568 1342 622 pontifices
1376 568 1610 623 adpellant,
1650 569 1724 624 qui

160 641 254 669 cum
288 626 492 668 Floronia
531 629 726 681 stuprum
764 627 941 681 fecerat,
980 641 1005 667 a
1043 626 1245 680 pontifice
1277 627 1467 668 maximo
1507 641 1556 668 eo
1589 642 1723 682 usque

156 685 289 740 virgis
321 685 366 726 in
398 685 573 727 comitio
607 699 754 727 caesus
787 688 897 739 erat,
929 687 977 727 ut
1008 685 1120 726 inter
1151 686 1329 727 verbera
1361 685 1587 739 expiraret.
1642 686 1724 728 hoc
1749 696 1770 726 4

155 743 277 786 nefas
310 759 407 786 cum
439 745 551 785 inter
581 746 666 798 tot,
697 747 745 786 ut
776 744 842 799 fit,
881 744 1021 786 clades
1047 744 1094 785 in
1119 744 1363 799 prodigium
1394 759 1565 785 versum
1598 748 1724 799 esset,

157 802 388 844 decemviri
413 803 547 845 libros
575 803 691 844 adire
722 803 831 845 iussi
864 805 981 858 sunt,
1020 806 1062 844 et
1094 802 1141 852 Q.
1167 802 1326 845 Fabius
1359 802 1502 844 Pictor
1533 802 1724 857 Delphos
1752 814 1772 845 5

161 862 214 903 ad
247 863 467 904 oraculum
498 862 656 903 missus
690 865 756 904 est
788 862 1074 916 sciscitatum,
1107 862 1261 917 quibus
1293 862 1490 916 precibus
1524 862 1724 917 supplici-

156 921 277 975 isque
323 920 422 963 deos
463 924 641 975 possent
684 921 871 976 placare,
916 923 959 962 et
1000 936 1213 976 quaenam
1256 921 1403 962 futura
1446 921 1545 962 finis
1589 922 1724 962 tantis

158 979 349 1021 cladibus
395 980 517 1022 foret.
579 980 756 1022 interim
801 995 852 1022 ex
890 980 1096 1022 fatalibus
1137 980 1259 1022 libris
1306 980 1514 1022 sacrificia
1560 980 1727 1035 aliquot

159 1038 501 1080 extraordinaria
531 1038 666 1093 facta,
710 1040 822 1081 inter
861 1054 968 1094 quae
1007 1039 1157 1081 Gallus
1197 1042 1240 1080 et
1272 1038 1415 1093 Galla,
1461 1038 1649 1081 Graecus
1683 1042 1725 1080 et
1753 1052 1772 1082 0

160 1095 324 1138 Graeca
355 1098 400 1138 in
431 1097 526 1139 foro
559 1098 739 1140 bovario
774 1098 851 1140 sub
879 1106 1039 1140 terram
1066 1098 1154 1139 vivi
1180 1098 1358 1139 demissi
1385 1101 1486 1139 sunt
1512 1099 1557 1139 in
1583 1098 1726 1139 10011111

159 1170 261 1197 saxo
299 1160 599 1211 consaeptum,
630 1157 717 1198 iam
750 1160 847 1198 ante
881 1156 1036 1198 hostiis
1068 1157 1285 1211 humanis,
1318 1157 1494 1198 minime
1527 1156 1724 1198 Romano

159 1229 300 1268 sacro,
334 1215 544 1256 inbutum.
607 1215 790 1269 placatis
823 1215 946 1270 satis,
977 1218 1026 1256 ut
1057 1216 1279 1269 rebantur,
1312 1215 1401 1257 deis
1434 1215 1491 1256 M.
1518 1214 1724 1257 Claudius
1754 1230 1771 1260 7

157 1272 388 1316 Marcellus
424 1274 476 1315 ab
514 1273 638 1315 Ostia
670 1275 785 1316 mille
820 1277 862 1315 et
894 1274 1152 1329 quingentos
1191 1275 1368 1328 milites,
1401 1288 1508 1328 quos
1541 1274 1586 1315 in
1619 1274 1725 1316 clas-

161 1346 249 1374 sem
283 1333 465 1387 scriptos
492 1333 701 1388 habebat,
726 1333 927 1388 Romam,
953 1337 1001 1375 ut
1026 1333 1122 1374 urbi
1147 1333 1360 1387 praesidio
1387 1335 1548 1387 essent,
1573 1333 1725 1388 mittit3

162 1391 274 1446 ipse,
312 1392 481 1446 legione
514 1392 696 1434 classica
726 1417 771 1422 —
806 1407 855 1433 ea
886 1392 1001 1447 legio
1033 1392 1167 1433 tertia
1199 1394 1291 1433 erat
1323 1416 1378 1421 —
1413 1407 1508 1434 011111
1540 1392 1724 1433 tribunis
1753 1406 1773 1437 S

160 1450 347 1492 militum
380 1450 574 1492 Teanum
607 1450 843 1493 Sidicinum
875 1451 1130 1506 praemissa,
1163 1452 1298 1493 classe
1329 1451 1487 1493 tradita
1520 1450 1563 1492 P.
1596 1449 1727 1493 Furio

160 1603 192 1635 9.
220 1620 263 1624 -—
294 1610 362 1644 per
387 1601 588 1635 00111111.1ἐι“
613 1611 654 1645 p
682 1604 742 1644 10,
770 1605 832 1645 25,
862 1605 904 1636 17

159 1647 294 1691 donec,
321 1646 350 1682 si
376 1658 442 1692 per
468 1658 497 1682 c
524 1647 578 1683 rei
604 1660 640 1692 p.
667 1650 805 1692 posset,
831 1649 905 1684 Ro·

160 1705 260 1729 mam
286 1694 525 1729 1701110000-
545 1696 694 1738 veniret,
715 1707 777 1729 um
797 1694 906 1731 einen

159 1740 331 1776 Dictator
355 1753 400 1776 zu
432 1752 633 1785 011101111οι1,
667 1754 742 1778 was
767 1755 837 1777 nur
868 1743 906 1777 in

160 1798 250 1832 agro
289 1788 456 1824 Romano
501 1789 711 1834 geschehen
754 1789 906 1825 konnte.

160 1838 217 1879 23,
244 1838 300 1879 22,
328 1839 382 1871 10.
409 1856 452 1861 —
479 1846 606 1880 super,
631 1840 688 1880 21,
714 1840 776 1881 46,
806 1842 836 1872 1.
863 1857 907 1862 -

160 1885 308 1924 necata,
333 1882 419 1917 viva
444 1881 590 1917 defossa
616 1886 656 1926 8,
687 1887 745 1927 15,
773 1887 811 1927 8;
840 1884 908 1918 Fe·

162 1930 238 1963 stus
264 1941 299 1973 p.
330 1932 395 1963 162
421 1929 470 1963 Μ.
502 1929 586 1964 11001
617 1929 726 1964 datus
759 1930 908 1975 proprie

979 1601 1069 1637 Sall.
1103 1601 1180 1636 Cat.
1214 1605 1274 1645 52,
1309 1604 1370 1644 293
1409 1601 1634 1646 supplicatio
1670 1606 1727 1647 21,

980 1653 1042 1692 62,
1069 1653 1101 1684 9.
1134 1669 1179 1674 —
1214 1648 1415 1691 fatalibus,
1446 1650 1517 1683 den
1544 1649 1626 1694 siby
1629 1648 1728 1684 llini-

980 1677 1102 1731 sclien.
1144 1716 1185 1720 —
1222 1696 1297 1730 iam
1324 1699 1423 1738 ante,
1458 1708 1522 1730 zur
1555 1696 1635 1731 Zeit
1661 1696 1725 1731 des

980 1743 1134 1787 Krieges
1155 1742 1224 1777 mit
1244 1742 1315 1777 den
1336 1723 1519 1785 Galliern3
1546 1743 1674 1778 Zonar.
1693 1746 1726 1785 8,

984 1793 1045 1825 19.
1069 1787 1238 1824 Γαλάται
1259 1788 1328 1824 δύο
1344 1789 1408 1824 καὶ
1417 1786 1619 1834 Έλληνες
1609 1789 1729 1845 ἕτεροι

983 1836 1024 1871 ἔκ
1050 1849 1089 1871 τε
1116 1837 1182 1871 τοῦ
1217 1833 1375 1895 ἄρρενος
1400 1837 1465 1871 καὶ
1496 1837 1563 1872 τοῦ
1588 1834 1729 1891 θήλεος

981 1883 1116 1928 γένους
1136 1884 1269 1925 ζῶντες
1291 1880 1331 1918 ἐν
1351 1884 1395 1928 τῇ
1416 1880 1536 1931 ἀγορᾷ
1560 1880 1729 1928 κατωρύ-

983 1942 1111 1975 γησαν.
1137 1950 1180 1955 -
1206 1932 1293 1965 min.
1320 1930 1504 1965 Romano:
1531 1930 1580 1965 da
1605 1930 1663 1966 die
1684 1930 1729 1965 si-

162 1975 311 2018 dicitnr,
338 1976 401 2020 qui
421 1976 499 2010 sine
520 1976 671 2011 volnere
691 1977 908 2012 interfectus

161 2024 234 2067 est,
266 2023 308 2057 ut
333 2033 474 2058 veneno
509 2024 575 2058 aut
600 2023 709 2058 fame.
749 2024 904 2060 Ennius:

161 2069 228 2104 hos
249 2069 364 2114 pestis
385 2070 521 2105 necuit.
539 2091 581 2095 —
592 2072 790 2115 pontificis,
809 2071 909 2107 viell.

161 2117 371 2160 pontificius
391 2116 486 2152 nach
510 2117 656 2152 Cassius
670 2118 831 2153 Hemina
849 2119 910 2153 bei

161 2163 275 2199 Prisc.
299 2168 330 2208 7,
358 2167 427 2199 294
453 2163 497 2199 H.
537 2164 659 2200 scriba
684 2165 907 2210 pontificius,

160 2211 225 2254 qui
264 2223 347 2246 cum
387 2211 500 2246 eabus
539 2214 707 2257 stuprum
750 2212 907 2255 fecerat3

161 2268 249 2302 quos
273 2257 421 2294 bezieht
453 2258 530 2294 sich
563 2270 629 2304 per
660 2260 810 2303 synesin
846 2260 913 2294 auf

162 2306 228 2340 das
261 2316 377 2349 ganze
410 2304 619 2351 Collegium
652 2306 717 2341 der
753 2307 907 2350 scribae,

162 2355 219 2395 27,
248 2356 308 2395 11,
337 2357 369 2387 5.
403 2373 447 2377 —
481 2353 672 2397 pontifice,
708 2353 745 2388 in
778 2354 909 2389 dessen

161 2399 284 2443 patria
327 2400 494 2444 potestas
549 2400 608 2435 die
659 2401 908 2436 vestalischen

161 2446 390 2490 Jungfrauen
418 2446 558 2482 stehen.
588 2469 630 2474 —
666 2459 802 2491 caesus,
823 2460 909 2493 sup-

161 2492 277 2537 plicio
306 2492 450 2537 servili,
483 2505 558 2528 was
589 2494 648 2528 fiir
673 2494 793 2530 dieses
819 2495 910 2530 Ver-

163 2539 284 2593 gehen
310 2540 370 2576 die
402 2540 628 2586 gesetzliche
660 2540 781 2577 Strafe
813 2553 909 2585 war3

162 2587 204 2621 in
248 2588 407 2632 comitio,
458 2587 670 2633 offentlich‚
720 2600 802 2623 zum
847 2589 909 2623 ab·

164 2616 439 2669 schreckenden
464 2634 644 2679 Beispiel,
672 2635 741 2670 mit
766 2635 804 2670 in
829 2635 909 2671 foro

162 2680 379 2716 verbunden
406 2681 492 2716 Tac.
520 2682 607 2727 Agr.
637 2686 668 2716 2.

212 2732 278 2762 4-
285 2733 316 2763 6.
346 2728 493 2764 Fabius
515 2729 558 2765 P.
582 2729 646 2764 der
667 2729 799 2764 'alteste
819 2733 910 2764 rom.

165 2775 354 2820 Annalist,
387 2775 546 2821 Appian.
579 2777 700 2811 Hann.
735 2781 796 2819 273
835 2777 912 2811 sein

166 2819 315 2857 Bericht
342 2826 480 2867 23,11,
512 2827 541 2857 1.
569 2844 611 2849 -
639 2804 831 2868 suppliciis
857 2835 912 2858 ar-

167 2867 315 2904 chaisoh
348 2870 398 2904 im
427 2869 536 2905 Sinne
572 2881 642 2906 von
676 2870 911 2916 sumlieatio.

982 1976 1231 2022 byllinischen
1268 1977 1414 2012 Biicher
1457 1978 1624 2013 fremden
1662 1977 1729 2012 Ur-

984 2036 1141 2069 sprungs
1165 2024 1240 2058 und.
1260 2024 1468 2069 griechisch
1488 2025 1729 2069 geschrieben

983 2082 1124 2114 waren,
1158 2083 1197 2107 so
1230 2073 1420 2106 vers'aumt
1445 2072 1483 2106 L.
1510 2071 1634 2114 nicht,
1669 2072 1729 2107 die

983 2117 1379 2154 Verantwortlichkeit
1398 2119 1456 2153 ffir
1474 2118 1533 2153 die
1547 2118 1729 2154 hassliche

981 2165 1079 2201 That
1098 2177 1170 2201 von
1193 2166 1312 2201 seiner
1326 2166 1465 2201 Nation
1483 2165 1729 2201 abzuw'alzen.

1031 2217 1061 2248 7.
1089 2216 1121 2248 8.
1167 2214 1358 2255 rebantur,
1397 2214 1503 2248 mehr
1534 2213 1729 2248 archaisch

981 2260 1040 2294 fiir
1066 2260 1360 2303 arbitrabantur,
1387 2264 1425 2304 9,
1453 2265 1491 2303 3,
1518 2264 1555 2303 8;
1583 2260 1656 2296 Cic.
1684 2260 1730 2294 de

983 2309 1075 2342 orat.
1103 2312 1142 2352 3,
1175 2311 1237 2351 38,
1272 2312 1350 2342 153.
1387 2328 1430 2332 —
1469 2308 1622 2352 scriptos
1647 2307 1728 2342 hab.

982 2355 1042 2389 die
1074 2366 1114 2389 er
1145 2355 1385 2399 ansgehoben
1417 2355 1493 2389 und
1520 2367 1594 2389 nun
1622 2356 1731 2389 unter

983 2402 1122 2437 seinem
1148 2402 1300 2436 Befehle
1328 2401 1511 2443 vereinigt
1538 2402 1659 2443 hatte3
1698 2411 1728 2435 0.

984 2453 1017 2492 4,
1038 2453 1070 2484 5.
1093 2469 1135 2474 —
1158 2450 1265 2484 tertia
1285 2449 1386 2483 steht
1405 2448 1509 2482 nicht
1528 2447 1565 2482 in
1584 2447 1728 2482 Wider-

984 2496 1118 2540 spruch
1140 2496 1208 2530 mit
1228 2507 1257 2530 0.
1279 2499 1336 2539 27,
1361 2499 1415 2537 10,
1437 2495 1485 2529 da
1505 2495 1564 2529 die
1579 2496 1728 2529 Armee-

985 2542 1190 2586 cinteilung
1222 2542 1272 2576 im
1299 2542 1390 2576 Jahr
1420 2546 1488 2576 216
1522 2541 1603 2576 01110
1634 2552 1729 2576 neue

983 2589 1126 2631 wurde,
1162 2589 1260 2623 wohl
1299 2588 1388 2623 aber
1423 2588 1491 2623 mit
1529 2600 1558 2623 c.
1593 2592 1654 2632 53,
1690 2592 1727 2630 23

984 2635 1073 2671 oder
1100 2636 1159 2670 die
1186 2636 1360 2671 Reserve-
1387 2635 1462 2670 und
1485 2634 1731 2679 Marinetrup-

984 2694 1055 2728 pen
1088 2683 1217 2717 hatten
1255 2681 1387 2727 eigene
1419 2693 1491 2718 von
1525 2682 1590 2717 der
1621 2682 1729 2716 Feld-

986 2740 1108 2764 armee
1154 2728 1415 2774 unabhi'mgige
1463 2729 1729 2774 Legionsnum-

986 2787 1098 2811 mern.
1151 2775 1232 2810 Von
1260 2776 1350 2810 zwei
1377 2775 1542 2821 legiones
1569 2776 1731 2811 urbanae

987 2823 1127 2858 erfahrt
1148 2834 1231 2857 man
1253 2827 1308 2866 23,
1333 2827 1386 2866 14,
1409 2828 1450 2865 2,
1478 2823 1550 2866 vgl.
1573 2823 1666 2858 oben
1687 2835 1731 2857 zu

987 2881 1016 2905 0.
1047 2874 1108 2916 11,
1136 2875 1166 2906 3.
1201 2891 1243 2895 -
1284 2871 1445 2905 Teanum
1477 2870 1552 2906 δία.
1587 2882 1634 2906 an
1666 2870 1731 2905 der
