1882 3163
154 123 179 141 a.
199 115 249 142 Ch.
270 116 330 140 216.
696 103 843 138 LIBER
868 103 983 138 XXII.
1035 103 1136 140 CAP.
1164 107 1220 140 59.

1663 102 1719 144 89

154 214 216 255 rei
247 213 446 268 publicae
480 226 584 253 esse.
638 211 710 252 sed
743 213 786 252 et
817 211 902 252 illis
936 211 1062 253 bonis
1096 226 1144 253 ac
1176 211 1359 253 fortibus
1392 211 1602 253 militibus
1628 212 1717 252 ute·
1747 221 1788 251 11

154 272 261 314 mini
294 275 337 313 et
368 271 493 313 nobis
527 271 654 312 etiam
688 270 1025 324 promptioribus
1057 285 1136 325 pro
1173 270 1333 324 patria,
1370 270 1482 325 quod
1513 269 1719 311 beneficio

154 333 297 373 vestro
329 329 538 384 redempt-i
571 331 700 383 atque
731 329 775 370 in
806 328 995 383 patriam
1027 329 1215 370 restituti
1241 329 1459 371 fuerimus.
1516 328 1720 370 dilectum
1748 338 1790 368 12

156 404 207 431 ex
240 390 357 431 omni
390 390 530 430 aetate
563 390 605 429 et
636 387 811 429 fortuna
843 388 1031 443 habetis3
1064 391 1160 429 octo
1193 388 1314 429 milia
1345 402 1563 430 servorum
1590 387 1718 430 audio

157 449 326 490 armari.
387 462 475 489 non
517 447 659 488 minor
695 460 899 489 numerus
938 449 1087 488 noster
1126 449 1209 500 est,
1253 461 1331 488 nec
1375 447 1536 488 maiore
1580 446 1717 501 pretio

155 507 307 548 redimi
337 520 584 561 possumus,
624 520 751 560 quam
790 506 820 547 ii
854 508 1148 547 emuntur—z
1187 520 1288 546 nam
1322 506 1357 546 si
1389 504 1605 547 conferam
1640 519 1719 547 nos
1749 515 1790 546 13

156 580 253 608 eum
284 565 391 618 illis,
422 564 622 605 iniuriam
655 565 822 606 nomini
843 565 1041 607 Romano
1069 564 1237 605 faciam.
1281 564 1390 605 illud
1417 564 1545 605 etiam
1571 565 1617 606 in
1642 564 1722 605 tali

157 624 337 666 consilio
372 622 797 664 animadvertendum
824 624 944 666 vobis
972 637 1193 677 censeam,
1225 625 1371 676 patres
1398 623 1649 678 conscripti,
1685 623 1721 664 si

155 683 241 724 iam
280 682 471 723 duriores
510 695 602 722 esse
642 681 806 736 velitis,
850 683 963 738 quod
1000 682 1120 724 nullo
1158 684 1308 723 nostro
1347 681 1501 723 merito
1539 681 1722 736 faciatis,

156 742 222 784 cui
253 755 333 783 nos
371 740 489 782 hosti
525 740 715 782 relicturi
755 741 861 783 sitis.
923 741 1091 796 Pyrrho
1129 741 1344 795 videlicet,
1390 741 1463 796 qui
1500 740 1722 795 hospitum
1751 751 1794 782 14

154 814 333 842 numero
373 799 567 854 captivos
611 798 792 841 habuit?
839 815 893 842 an
939 801 1122 842 barbaro
1166 814 1215 842 ac
1258 799 1421 854 Poeno,
1466 800 1539 854 qui
1576 802 1722 841 utrum

156 859 326 901 avarior
358 872 414 899 an
446 858 658 900 crudelior
691 858 764 913 sit,
796 859 867 901 vix
899 858 1138 901 existimari
1171 858 1343 913 potest?
1376 858 1414 899 si
1445 858 1625 900 videatis
1652 872 1720 900 oa·
1749 870 1792 900 15

152 921 275 959 tenas
316 917 558 973 squalorem
598 917 919 960 deformitatem
958 919 1112 960 civium
1151 920 1410 971 vestrorum,
1453 932 1542 959 non
1580 917 1721 959 minus

152 976 346 1032 profecto
379 990 456 1018 vos
489 990 540 1017 ea
572 977 736 1030 species
763 980 955 1032 moveat,
996 992 1124 1033 quam
1158 977 1195 1018 si
1235 991 1285 1018 ex
1318 977 1453 1018 altera
1479 978 1601 1030 parte
1634 990 1724 1018 cer-

151 1036 264 1077 natis
309 1038 469 1077 stratas
517 1033 817 1077 Cannensibus
863 1037 1025 1091 campis
1076 1037 1268 1092 legiones
1313 1037 1490 1077 vestras.
1561 1035 1720 1077 intueri
1750 1047 1792 1078 16

152 1094 335 1149 potestis
362 1093 694 1136 sollicitudinem
727 1097 770 1135 et
796 1095 996 1137 lacrimas
1022 1096 1067 1136 in
1092 1095 1310 1137 vestibulo
1338 1094 1479 1136 curiae
1509 1094 1717 1135 stantium

154 1155 438 1208 cognatorum
475 1155 722 1194 nostrorum
767 1155 1170 1209 expectantiumque
1218 1167 1475 1208 responsum
1517 1155 1722 1194 vestrum.

156 1226 252 1253 cum
285 1212 315 1252 ii
348 1225 425 1266 pro
457 1211 581 1253 nobis
613 1226 776 1266 proque
808 1213 880 1267 iis,
913 1214 985 1268 qui
1017 1214 1192 1265 absunt,
1231 1213 1293 1254 ita
1327 1211 1525 1266 suspensi
1558 1226 1606 1253 ac
1640 1212 1722 1253 sol-

154 1270 261 1312 liciti
301 1271 407 1324 sint,
449 1284 574 1324 quem
614 1271 796 1312 censetis
841 1272 1032 1314 animum
1070 1273 1263 1327 ipsorum
1305 1285 1416 1325 esse,
1461 1284 1642 1326 quorum
1678 1270 1723 1312 in

157 1329 404 1371 discrimine
436 1330 526 1370 vita
557 1329 819 1384 libertasque
852 1331 950 1372 est?
986 1330 1094 1384 [sed]
1131 1331 1185 1384 si,
1218 1344 1285 1371 me
1318 1330 1411 1371 dius
1444 1329 1589 1383 fidius,
1627 1329 1720 1383 ipse
1750 1341 1792 1372 17

157 1388 201 1429 in
233 1402 310 1430 nos
344 1387 460 1429 mitis
492 1387 712 1429 Hannibal
745 1390 894 1431 contra
925 1392 1126 1431 naturam
1167 1403 1289 1431 suam
1328 1403 1420 1430 esse
1453 1388 1574 1442 velit,
1611 1388 1722 1430 nihil

157 1449 303 1489 tamen
335 1447 459 1488 nobis
493 1447 582 1488 vita
615 1461 722 1502 opus
762 1461 855 1489 esse
889 1463 1157 1503 censeamus,
1197 1462 1293 1489 cum
1330 1447 1498 1502 indigni
1535 1449 1584 1488 ut
1613 1447 1723 1488 redi-

156 1520 368 1547 meremur
400 1505 521 1547 vobis
554 1506 635 1547 visi
668 1506 813 1548 simus
874 1507 1037 1549 rediere
1076 1507 1261 1549 Romam
1301 1507 1517 1561 quondam
1554 1506 1722 1547 remissi
1751 1518 1794 1549 18

162 1579 187 1605 a
213 1563 377 1619 Pyrrho
408 1565 499 1606 sine
524 1564 663 1619 pretio
690 1566 827 1619 capti3
861 1566 934 1607 sed
960 1566 1123 1608 rediere
1144 1581 1240 1608 cum
1260 1566 1434 1620 legatis,
1460 1565 1722 1619 primoribus

157 1690 275 1726 dieses
301 1690 463 1736 Tempus
497 1691 560 1726 des
585 1691 809 1727 Potentialis
837 1693 906 1727 sel-

157 1740 220 1773 ten
235 1749 308 1773 von
321 1738 464 1783 Depon.
481 1738 660 1783 gebildet,
675 1738 771 1774 doch
785 1739 906 1775 mehr·

158 1785 252 1820 mals
277 1785 458 1830 gloriatus
485 1786 554 1820 sim
575 1786 664 1820 oder
689 1786 822 1820 fuerim
849 1790 905 1830 28,

159 1836 216 1876 41,
237 1836 257 1866 6
283 1833 359 1866 und
384 1831 540 1867 miratus
573 1832 652 1867 sim.
677 1854 717 1858 —
741 1834 844 1868 bonis
864 1845 907 1868 ae

159 1880 244 1922 fort.
271 1891 315 1913 zu
341 1890 370 1914 c.
397 1883 459 1922 35,
494 1883 524 1913 7.
560 1900 602 1904 ——
636 1881 805 1922 utemini,
830 1891 906 1915 was

160 1926 226 1961 der
244 1926 358 1961 Senat
376 1925 522 1960 freilieh
542 1926 646 1960 nicht
664 1927 758 1969 that,
779 1927 905 1962 indem

979 1693 1049 1728 Dio
1077 1692 1224 1728 Cassius
1243 1693 1314 1738 frg.
1335 1696 1392 1734 40,
1413 1696 1458 1727 23
1477 1690 1565 1732 τοὺς
1591 1691 1725 1737 αἰχμα-

978 1738 1117 1780 λωτους
1164 1738 1320 1784 ἰσχυρῶς
1369 1736 1603 1784 ἐθεράπευε,
1654 1738 1725 1774 wie

978 1787 1189 1831 uberhaupt
1233 1787 1298 1821 der
1340 1787 1468 1830 noble,
1520 1786 1725 1821 ritterliche

981 1833 1187 1868 Charakter
1213 1834 1277 1868 des
1297 1833 1457 1878 Pyrrhus
1478 1833 1532 1868 oft
1551 1833 1726 1877 geruhmt

978 1880 1086 1922 wird3
1107 1891 1254 1915 numero
1268 1882 1339 1915 mit
1351 1880 1634 1925 perso'nliohem,
1649 1879 1726 1914 und

978 1927 1060 1962 loco
1095 1927 1164 1961 mit
1198 1927 1424 1962 sachlichem
1456 1927 1532 1961 und
1563 1927 1724 1972 personl.

160 1984 199 2008 er
225 1972 284 2008 die
317 1973 607 2008 cannensischen
640 1973 830 2017 Legionen
862 1987 906 2009 zu

160 2019 486 2055 Garnisonsdienst
495 2019 777 2064 degradierte.—
786 2022 905 2063 etiam,

163 2067 303 2110 ‘noch’,
324 2067 388 2102 der
407 2067 612 2102 klassische
632 2067 827 2102 Ausdruck
843 2081 906 2103 zur

162 2114 416 2158 Verst’arkung
435 2113 498 2148 des
513 2114 907 2159 Komparativ,wof1'ir

158 2173 227 2196 nur
258 2161 537 2196 nachklassisch
571 2161 666 2196 auch
693 2162 814 2197 adhuc
840 2173 904 2207 ge-

159 2208 318 2243 braucht
343 2208 445 2243 wir.d
471 2228 514 2233 —
541 2212 667 2251 aetate,
693 2209 762 2244 mit
781 2209 906 2255 Bezug

160 2255 225 2289 auf
254 2254 314 2289 (lie
347 2255 573 2300 praetextati
601 2267 631 2291 c.
659 2260 721 2299 57,
755 2261 793 2300 9·
832 2257 908 2298 for-

159 2305 264 2345 tuna,
285 2301 524 2347 Gluckstage,
536 2303 628 2347 geht
645 2303 709 2337 auf
713 2284 793 2338 ''die
804 2303 907 2339 Skla-

160 2360 247 2393 ven,
282 2360 311 2384 c.
340 2353 403 2393 57,
431 2353 485 2384 11.
525 2371 567 2375 —
606 2351 742 2386 maiore
767 2352 907 2395 pretio:

160 2395 349 2431 Hannibal
388 2396 522 2431 erhielt
556 2397 615 2431 fiir
646 2397 705 2432 die
738 2397 776 2432 in
803 2397 906 2432 Grie-

161 2443 346 2478 chenland
366 2443 586 2478 verkauften
606 2445 816 2479 romischen
837 2445 907 2480 Ge-

161 2490 346 2534 sangenen
369 2490 406 2535 je
434 2494 502 2524 500
523 2490 677 2525 Denare.
700 2511 744 2516 —-
770 2492 803 2526 si
825 2502 907 2526 con-

161 2537 288 2579 feram,
308 2548 415 2572 wenn
435 2537 496 2571 ioh
511 2537 748 2581 vergleichen
768 2538 906 2582 wollte,

162 2594 237 2619 was
263 2583 322 2619 ich
350 2583 439 2618 aber
465 2584 558 2618 eben
584 2584 687 2618 nicht
712 2584 812 2619 thue.

214 2634 362 2666 13—16.
390 2641 562 2674 censeam,
583 2631 642 2666 die
666 2631 911 2667 bescheidene

166 2677 277 2712 Form
305 2677 367 2712 des
395 2678 553 2713 Urteiles
580 2677 629 2712 ist
655 2678 719 2712 der
740 2677 911 2723 Stellung

164 2724 227 2759 des
263 2723 459 2769 Sprechers
485 2735 742 2770 angemessen3
771 2728 826 2768 21,
857 2728 910 2769 18,

165 2775 204 2805 6.
232 2791 274 2796 —
309 2772 421 2816 quod,
461 2772 589 2807 Neutr.
618 2771 736 2806 Relat.
765 2771 911 2807 bezieht

169 2816 245 2852 sich
284 2819 352 2853 auf
385 2819 549 2854 duriores
591 2830 686 2861 esse,
726 2820 786 2854 cui
820 2819 912 2854 hosti

170 2863 234 2898 auf
251 2865 628 2901 animadvertendum.
651 2887 693 2890 —
720 2866 912 2910 hospitum,

979 1973 1137 2009 Genetiv
1175 1974 1231 2009 oft
1271 1974 1355 2009 dem
1393 1974 1598 2009 deutschen
1644 1974 1726 2018 ‘als,

978 2021 1063 2055 wie’
1092 2021 1373 2066 entsprechend,
1394 2034 1423 2056 z.
1442 2021 1483 2057 Β.
1505 2021 1668 2056 hostium
1688 2033 1722 2055 n.

977 2068 1016 2102 in
1042 2068 1199 2103 vinculis
1226 2069 1362 2103 habere
1389 2072 1446 2111 30,
1473 2072 1529 2112 42,
1556 2072 1598 2112 9,
1631 2067 1726 2102 obsi-

979 2114 1066 2149 dum
1101 2127 1135 2149 n.
1170 2116 1308 2150 habere
1342 2119 1379 2158 8,
1414 2119 1476 2158 24,
1508 2120 1546 2158 4;
1585 2115 1727 2158 habuit,

977 2162 1115 2206 halten,
1142 2162 1364 2197 behandeln.
1392 2183 1435 2188 -
1463 2163 1637 2205 barbaro,
1675 2162 1727 2196 im

978 2209 1208 2254 Gegensatze
1246 2222 1289 2244 zu
1328 2209 1411 2244 dem
1450 2209 1727 2254 Halbgriechen

980 2256 1153 2301 Pyrrhus.
1179 2277 1223 2281 ——
1250 2258 1398 2292 avarior
1421 2268 1471 2291 cm
1490 2257 1590 2291 crud.
1619 2268 1648 2291 c.
1672 2259 1726 2298 50,

982 2307 1013 2338 6.
1047 2324 1090 2328 —-
1116 2304 1336 2348 squalorem,
1374 2315 1417 2338 zu
1442 2308 1500 2346 21,
1533 2307 1595 2347 39,
1622 2307 1655 2339 2.
1682 2323 1726 2328 —

979 2351 1275 2394 sollicitudinem,
1325 2350 1627 2395 restringierend.
1682 2370 1726 2374 —

979 2408 1076 2441 susp.
1127 2409 1171 2433 ac
1195 2398 1271 2433 soll.
1302 2402 1357 2441 27,
1386 2401 1441 2440 50,
1469 2402 1500 2432 6.

1030 2448 1191 2479 17-19.
1236 2456 1289 2479 me
1327 2445 1411 2479 dius
1441 2445 1553 2487 fidius
1593 2443 1726 2478 Beteu-

980 2491 1226 2535 rungsformel
1254 2495 1286 2534 5,
1313 2496 1345 2534 6,
1376 2496 1406 2533 1,
1433 2490 1622 2535 elliptisch
1652 2490 1727 2524 und

982 2539 1189 2573 verdorben
1239 2540 1348 2573 statt:
1395 2537 1450 2572 ita
1496 2548 1553 2571 me
1597 2536 1727 2572 Diovis

985 2582 1105 2628 (Διός)
1127 2585 1241 2628 filius,
1267 2584 1380 2621 niiml,
1400 2584 1588 2627 Hercules,
1611 2583 1726 2619 iuvet.

984 2631 1101 2666 Varro
1128 2631 1173 2665 de
1199 2631 1288 2676 ling.
1315 2631 1380 2665 lat.
1409 2634 1440 2675 5,
1468 2635 1522 2666 66.
1570 2631 1726 2666 Tertull.

983 2678 1072 2712 idol.
1100 2682 1156 2713 20.
1209 2678 1292 2723 Vgl.
1320 2678 1567 2721 mehercules,
1599 2690 1642 2712 zu
1669 2682 1726 2723 21,

984 2728 1046 2768 38,
1074 2729 1104 2759 9.
1150 2723 1256 2759 Nach
1282 2725 1421 2760 andern
1454 2725 1536 2759 dius
1557 2741 1600 2754 =
1622 2723 1727 2768 Ζεύς,

985 2772 1091 2806 fidius
1117 2783 1189 2806 von
1215 2771 1337 2807 fidere.
1359 2792 1401 2796 —-
1430 2772 1538 2814 mitis,
1565 2783 1594 2807 c.
1616 2774 1671 2815 58,
1693 2776 1726 2806 2.

986 2839 1028 2844 -
1063 2819 1161 2863 capti
1187 2835 1230 2847 =
1265 2818 1416 2864 captivi.
1452 2839 1494 2844 -
1538 2820 1612 2856 red.
1650 2820 1728 2854 sine

980 2867 1111 2910 pretio,
1139 2865 1217 2901 Liv.
1244 2866 1323 2901 Per.
1354 2870 1408 2909 13,
1435 2866 1504 2902 Dio
1531 2865 1630 2901 Cass.
1656 2865 1725 2910 frg.
