1882 3163
131 127 162 146 ὃ.
185 119 249 145 chr.
269 126 298 144 n.
320 119 379 144 212.
650 109 793 144 LIBER
819 108 929 144 XXV.
969 108 1070 143 CAP.
1096 113 1151 144 40.
1634 108 1687 150 81

134 206 350 250 Romanos
388 207 505 261 deos,
542 207 748 261 templum
785 206 828 248 id
865 207 1004 262 ipsum
1042 206 1246 260 primum,
1285 205 1396 260 quod
1434 220 1458 247 a
1489 204 1690 246 Marcello

133 266 289 307 eximie
321 269 520 308 ornatum
558 268 638 319 est,
677 265 816 307 vertit.
876 266 1127 307 visebantur
1165 266 1277 306 enim
1316 265 1369 306 ab
1409 264 1596 306 externis
1635 263 1688 306 ad
1715 275 1736 306 3

135 327 305 380 portam
338 325 555 380 Capenam
593 324 787 366 dedicata
825 339 850 366 a
887 324 942 366 M.
975 323 1178 366 Marcello
1215 325 1376 378 templa
1413 326 1590 378 propter
1611 331 1690 365 'ex-

135 384 335 426 cellentia
367 386 455 426 eius
488 384 654 440 generis
686 386 948 437 ornamenta,
980 398 1159 438 quorum
1191 384 1420 438 perexigua
1452 398 1550 437 pars
1578 397 1691 425 com·

72 438 81 457 ⁸'
135 447 269 498 paret.
330 444 565 499 legationes
605 443 793 485 omnium
832 442 963 484 ferme
1008 442 1248 484 civitatium
1287 441 1457 484 Siciliae
1502 442 1555 483 ad
1593 457 1690 484 eum
1716 452 1739 483 4

137 503 457 544 conveniebant.
519 503 663 556 dispar
687 505 735 543 ut
760 516 888 544 causa
920 516 1086 555 earum,
1124 502 1186 542 ita
1223 501 1413 543 condicio
1452 504 1555 543 erat.
1617 502 1692 556 qui

136 564 237 603 ante
276 565 422 617 captas
461 560 695 616 Syracusas
735 563 808 602 aut
846 575 932 603 non
973 560 1248 613 desciverant,
1288 563 1362 602 aut
1392 561 1607 602 redierant
1647 561 1695 602 in

135 621 388 675 amicitiam,
424 623 472 662 ut
509 620 615 662 socii
651 620 797 661 fideles
836 620 999 674 accepti
1036 620 1239 674 cultique3
1279 634 1384 674 quos
1423 623 1561 662 metus
1593 623 1694 675 post

136 682 283 734 captas
312 680 540 734 Syracusas
574 679 801 733 dediderat,
833 681 881 720 ut
911 679 1014 720 victi
1046 693 1071 720 a
1101 679 1260 720 victore
1286 679 1400 734 leges
1426 682 1693 734 acceperunt.

135 741 258 780 erant
288 742 432 781 tamen
462 738 576 780 haud
606 753 764 793 parvae
796 738 999 793 reliquiae
1030 738 1132 779 belli
1164 738 1274 779 circa
1301 739 1583 794 Agrigentum
1608 738 1694 781 Ro·
1720 747 1741 779 5

138 798 287 849 manis,
313 798 528 852 Epicydes
556 800 598 839 et
623 798 779 840 Hanno
812 798 937 839 duces
964 797 1118 852 reliqui
1149 797 1303 851 prioris
1330 797 1431 839 belli
1464 800 1505 839 εὴ
1536 798 1691 839 tertius

134 871 270 898 novus
311 857 364 899 ab
396 857 638 899 Hannibale
677 858 721 898 in
759 858 899 899 locum
931 856 1206 911 Hippocratis
1244 857 1417 911 missus,
1455 856 1694 911 Libyphoe-

134 915 279 957 nicum
311 917 477 972 generis
509 916 842 971 Hippacritanus
879 940 927 946 —
963 915 1179 957 Muttinen
1219 917 1446 970 populares
1478 916 1693 958 vocabant

138 998 204 1028 —-,
234 975 301 1016 vir
331 976 501 1031 inpiger
538 979 581 1017 et
619 976 697 1017 sub
730 975 974 1017 Hannibale
1016 976 1224 1030 magistro
1265 976 1404 1017 omnis
1445 975 1547 1017 belli
1579 978 1693 1017 artes

136 1033 322 1076 edoctus.
371 1034 469 1076 huic
501 1035 554 1076 ab
575 1035 765 1090 Epicyde
798 1038 840 1076 et
864 1034 1076 1076 Hannone
1098 1033 1308 1076 Numidae
1335 1034 1425 1076 dati
1451 1034 1693 1085 auxiliares,
1721 1045 1741 1076 6

135 1106 231 1134 cum
270 1093 423 1149 quibus
462 1094 524 1135 ita
560 1097 818 1150 pervagatus
856 1097 921 1136 est
957 1094 1144 1136 hostium
1185 1108 1331 1149 agros,
1369 1094 1432 1136 ita
1470 1094 1609 1136 socios
1642 1094 1695 1135 ad

134 1152 380 1195 retinendos
425 1153 470 1195 in
507 1153 588 1195 fide
627 1154 792 1196 animos
831 1168 977 1195 eorum
1015 1154 1188 1195 ferendo
1232 1154 1276 1194 in
1312 1156 1505 1208 tempore
1544 1153 1696 1208 cuique

136 1211 346 1253 auxilium
378 1212 499 1268 adiit⁷
536 1216 585 1254 ut
615 1213 736 1254 brevi
767 1215 958 1267 tempore
994 1215 1132 1254 totam
1165 1211 1352 1254 Siciliam
1393 1213 1590 1267 impleret
1620 1227 1696 1254 no·
1723 1224 1742 1255 7

134 1270 264 1312 minis
297 1272 380 1326 sui,
411 1286 487 1313 nec
521 1287 617 1327 spes
657 1273 742 1314 alia
773 1273 908 1314 maior
946 1272 1058 1327 apud
1094 1272 1279 1314 faventis
1317 1272 1442 1313 rebus
1476 1271 1697 1326 Carthagi-

134 1330 347 1371 niensium
380 1334 502 1372 esset.
563 1332 707 1386 itaque
745 1331 896 1373 inclusi
938 1332 990 1373 ad
1026 1332 1072 1373 id
1106 1333 1275 1386 tempus
1314 1331 1536 1373 moenibus
1568 1331 1693 1386 Agri·
1722 1341 1743 1374 8

139 1389 257 1443 genti
289 1390 374 1431 dux
406 1390 574 1432 Poenus
607 1389 983 1445 Syracusanusque
1015 1405 1102 1432 non
1134 1391 1311 1432 consilio
1337 1390 1533 1432 Muttinis
1567 1405 1695 1445 quam

135 1447 289 1490 fiducia
328 1449 467 1505 magis
506 1450 599 1491 ausi
643 1450 786 1505 egredi
828 1452 946 1492 extra
985 1465 1129 1492 muros
1171 1450 1224 1491 ad
1261 1449 1482 1491 Himeram
1524 1464 1694 1491 amnem

133 1512 372 1561 posuerunt
403 1511 554 1550 castra.
615 1509 727 1564 quod
765 1510 838 1551 ubi
874 1510 1086 1564 perlatum
1126 1509 1178 1551 ad
1215 1509 1464 1551 Marcellum
1496 1512 1585 1565 est,
1626 1523 1694 1550 ex·
1722 1522 1743 1553 9

134 1657 199 1681 aus
234 1647 348 1682 Asien
383 1649 688 1684 zuriickkehrten.
746 1649 873 1683 Livius

134 1705 210 1728 war
242 1698 363 1739 Zeuge
396 1697 460 1731 des
493 1696 760 1731 allm'ahlichen
786 1696 874 1732 Ver-

137 1740 222 1775 falls
249 1744 290 1785 (s.
316 1739 502 1789 Anhang).

181 1790 351 1833 templum
370 1792 409 1826 id
428 1792 562 1837 ipsum]
593 1792 681 1825 ‘und
703 1803 798 1827 zwar
817 1803 874 1825 zu-

135 1837 212 1869 erst
230 1837 365 1881 gerade
386 1850 505 1883 gegen
526 1867 532 1873 .
557 1840 593 1881 .'‚
616 1839 675 1873 ein
697 1839 874 1884 steigern-

135 1882 198 1916 des
219 1884 453 1928 Asyndcton,
480 1886 540 1920 bei
567 1886 651 1920 dem
677 1898 761 1920 man
788 1887 875 1921 aber

135 1929 194 1963 die
218 1930 513 1978 Wiederholung
538 1933 602 1968 der
621 1933 727 1978 Przip.
755 1935 795 1968 in
821 1945 872 1967 cr-

134 1979 267 2012 wartet
291 1979 406 2014 hatte.
456 1977 660 2025 Ueffrigens
688 1992 810 2015 waren
836 1993 874 2016 es

133 2025 230 2058 nach
257 2030 275 2068 ξ
303 2031 322 2061 3
349 2027 438 2062 zwei
464 2027 629 2073 Tempel.

181 2075 301 2120 vertit]
330 2086 356 2109 3.
384 2086 426 2109 zu
452 2079 508 2117 23,
536 2081 566 2110 5.

181 2124 212 2153 3.
240 2123 433 2168 comparet]
455 2123 522 2156 wir
542 2124 665 2157 setzen
684 2123 748 2157 der
763 2122 874 2157 Deut-

134 2165 293 2202 lichkeit
318 2180 446 2214 wegen
475 2170 594 2214 ‘jetzt’
623 2170 742 2204 hinzu.

180 2219 211 2249 4.
239 2217 365 2263 causa]
393 2217 453 2251 die
480 2217 615 2260 Sache,
643 2218 702 2252 die
730 2217 782 2252 sie
810 2229 876 2252 vor

131 2260 331 2298 Marcellus
357 2276 400 2298 zu
425 2267 613 2299 vertreten
638 2265 779 2300 hatten.

181 2310 382 2358 dediderat]
400 2329 442 2341 =
453 2314 656 2357 impulerat,
670 2318 711 2347 ut
724 2324 759 2348 se
773 2314 875 2348 (lede-

133 2360 222 2390 rent.
279 2357 353 2392 Der
383 2359 639 2404 Beweggrund
672 2359 788 2394 selbst
826 2360 875 2394 ist

137 2402 289 2447 Subject
306 2406 513 2449 geworden,
535 2406 604 2440 wic
625 2406 684 2449 34,
700 2412 732 2449 G,
750 2412 790 2442 16
810 2409 873 2442 (td-

129 2455 237 2495 paret
261 2452 424 2497 inopiam
449 2458 479 2488 ct
505 2454 686 2488 miseriam
717 2455 876 2489 civitatis

136 2525 142 2530 .
167 2525 172 2531 .
193 2499 300 2532 istam
320 2501 427 2544 Iegycm
446 2501 628 2544 scripsisse
651 2500 725 2533 und
748 2512 787 2534 so
809 2500 873 2536 oft.

182 2545 286 2591 leyes]
314 2547 423 2581 niiml.
446 2548 552 2592 pacis
578 2564 621 2576 =
649 2549 876 2583 condiciones

130 2602 247 2637 paces.

183 2644 214 2674 5.
242 2640 398 2688 Ilcmno]
427 2641 501 2675 und
521 2641 699 2677 Muttines
720 2642 802 2676 siml
829 2654 875 2677 an

135 2686 194 2721 die
223 2687 337 2722 Stelle
371 2689 436 2722 der
462 2689 595 2723 beiden
623 2701 688 2723 vor
715 2690 874 2733 Syrakus

135 2735 381 2777 gestorbcnen
415 2736 597 2771 Anfiihrer
629 2738 815 2781 getretcn3
849 2750 874 2772 3.

137 2785 192 2825 23,
217 2786 248 2817 2.
284 2787 338 2826 26,
368 2788 420 2818 14.

183 2829 512 2877 Libyphoenicum]
562 2831 621 2865 ein
665 2831 875 2866 Mischvolk

136 2885 199 2909 aus
226 2876 384 2921 Libyern
413 2881 471 2923 (=
494 2880 598 2923 Afri,
626 2879 876 2914 Urbcwohncr

210 2942 266 2968 Tit.
288 2943 353 2969 Liv.
393 2942 425 2969 Β.
446 2945 487 2970 25,

947 1650 1011 1684 des
1050 1649 1214 1693 Laudes)
1252 1650 1327 1683 und
1360 1649 1535 1692 Puniern3
1575 1649 1691 1684 daher

948 1701 966 1739 ξ
990 1702 1029 1731 1-2
1057 1698 1258 1743 (leyenerem
1277 1698 1423 1741 Afrum,
1449 1708 1525 1731 was
1546 1696 1585 1730 in
1604 1697 1691 1731 dem

949 1744 1290 1789 Zusammenhange
1305 1755 1466 1789 genauer
1486 1746 1690 1790 deyenercm

948 1792 1107 1827 Poenum
1132 1792 1279 1826 heissen
1299 1794 1456 1833 miisste3
1483 1804 1510 1827 3.
1532 1803 1574 1825 zu
1594 1796 1612 1833 ξ
1635 1796 1688 1826 12.

995 1839 1304 1885 Hippaerz'tcmus]
1333 1850 1396 1873 aus
1417 1839 1560 1884 Hipp03
1588 1838 1690 1873 diese

948 1886 1057 1921 Stadt
1093 1886 1133 1920 in
1166 1886 1370 1931 Zeugitana
1407 1886 1579 1921 westlich
1617 1897 1691 1920 von

949 1933 1064 1968 Utika
1076 1933 1194 1968 heisst
1207 1934 1419 1979 griechisch
1435 1931 1572 1968 Ἶππών
1588 1932 1690 1977 διάρ-

948 1995 1055 2023 ρυτος
1082 1981 1171 2015 oder
1186 1978 1379 2026 Ἱππάκρα,
1401 1981 1466 2016 der
1486 1980 1602 2015 Einw.
1619 1978 1691 2016 ‘In-

947 2029 1137 2073 πακρίτης.

995 2081 1026 2110 G.
1053 2077 1106 2110 ita
1126 2077 1259 2111 socios.
1277 2104 1283 2110 .
1298 2077 1444 2119 ferendo
1460 2105 1466 2112 .
1483 2103 1490 2110 .
1507 2077 1691 2111 auoeilium

947 2124 1056 2169 σάω]
1084 2123 1182 2157 breit
1207 2125 1300 2158 statt
1326 2125 1380 2158 ita
1405 2124 1511 2159 sociis
1538 2152 1545 2158 .
1569 2151 1575 2158 .
1603 2125 1690 2159 tulit

947 2172 1146 2213 auxilium3
1179 2171 1389 2216 uberhaupt
1419 2170 1469 2206 ist
1500 2171 1566 2205 der
1597 2170 1691 2205 Aus-

949 2218 1065 2252 druck
1090 2217 1297 2252 auffallend
1331 2220 1423 2252 statt
1454 2220 1560 2253 sociis
1582 2246 1588 2253 .
1613 2247 1618 2253 .
1639 2219 1689 2262 fe-

947 2267 1057 2301 rendo
1082 2277 1168 2300 aux.
1189 2267 1317 2301 aderat
1343 2265 1432 2300 oder
1452 2266 1690 2300 Aehnliches.

997 2318 1026 2349 7.
1065 2314 1241 2359 impleret]
1280 2313 1376 2347 nach
1408 2313 1590 2357 Analogie
1626 2312 1690 2346 des

948 2360 1093 2395 Griech.
1123 2360 1193 2394 mit
1225 2361 1308 2394 dem
1341 2359 1430 2394 Gen.
1457 2360 1689 2401 verbunden3

948 2407 1021 2442 viel
1033 2408 1200 2451 haufiger
1211 2407 1260 2440 ist
1268 2408 1356 2441 aber
1366 2407 1460 2440 auch
1469 2406 1529 2441 bei
1537 2406 1615 2441 Liv.
1626 2406 1693 2441 der

948 2455 1044 2496 Abl.,
1065 2454 1139 2487 und
1159 2454 1224 2488 der
1238 2453 1326 2488 Gen.
1348 2453 1464 2487 findet
1484 2453 1563 2488 sich
1583 2454 1690 2488 iiber-

949 2502 1066 2546 haupt
1087 2512 1155 2534 nur
1174 2501 1235 2534 bei
1256 2500 1472 2535 abstraktcn
1492 2501 1689 2545 Begriffen.

996 2554 1026 2583 8.
1053 2549 1207 2594 salucia]
1223 2548 1317 2582 auch
1332 2548 1574 2595 dazulgehort
1589 2548 1689 2583 Mut-

948 2597 1046 2631 tinis.

994 2643 1126 2689 maqe's]
1153 2643 1203 2676 ist
1228 2642 1402 2687 auffflllig
1426 2643 1690 2687 nachgestellt,

949 2690 1045 2724 doch
1066 2690 1188 2724 finden
1210 2690 1287 2724 sich
1307 2690 1367 2724 bei
1383 2690 1460 2724 Liv.
1482 2690 1690 2725 zahlreiche

950 2738 1106 2780 Stellcn,
1146 2749 1192 2771 an
1224 2738 1343 2772 denen
1374 2749 1481 2782 quam
1513 2749 1579 2772 vor
1605 2738 1690 2773 dem

950 2783 1186 2829 Comparativ
1199 2785 1308 2819 steht.
1344 2784 1400 2818 An
1413 2796 1562 2819 unscrer
1573 2785 1689 2820 Stelle

948 2833 1080 2866 nahcrt
1112 2831 1190 2866 sich
1228 2833 1344 2878 mayis
1377 2832 1441 2866 der
1469 2832 1690 2877 Bedeutung

950 2890 1022 2913 von
1043 2881 1178 2924 potius.
