<?xml version="1.0" encoding="UTF-8"?>
<!DOCTYPE html PUBLIC "-//W3C//DTD XHTML 1.0 Transitional//EN"
    "http://www.w3.org/TR/xhtml1/DTD/xhtml1-transitional.dtd">
<html xmlns="http://www.w3.org/1999/xhtml" xml:lang="en" lang="en">
 <head>
  <title>
</title>
<meta http-equiv="Content-Type" content="text/html;charset=utf-8" />
  <meta name='ocr-system' content='tesseract 3.04.00' />
  <meta name='ocr-capabilities' content='ocr_page ocr_carea ocr_par ocr_line ocrx_word'/>
</head>
<body>
  <div class='ocr_page' id='page_1' title='image "./aburbeconditalib21livyuoft_0254.png"; bbox 0 0 1882 3163; ppageno 0'>
   <div class='ocr_carea' id='block_1_1' title="bbox 94 395 136 426">
    <p class='ocr_par' dir='ltr' id='par_1_1' title="bbox 94 395 136 426">
     <span class='ocr_line' id='line_1_1' title="bbox 94 395 136 426; baseline 0.024 -1"><span class='ocrx_word' id='word_1_1' title='bbox 94 395 136 426; x_wconf 84' lang='lat'>15</span> 
     </span>
    </p>
   </div>
   <div class='ocr_carea' id='block_1_2' title="bbox 95 572 137 602">
    <p class='ocr_par' dir='ltr' id='par_1_2' title="bbox 95 572 137 602">
     <span class='ocr_line' id='line_1_2' title="bbox 95 572 137 602; baseline 0 0"><span class='ocrx_word' id='word_1_2' title='bbox 95 572 137 602; x_wconf 83' lang='lat'>16</span> 
     </span>
    </p>
   </div>
   <div class='ocr_carea' id='block_1_3' title="bbox 95 749 137 781">
    <p class='ocr_par' dir='ltr' id='par_1_3' title="bbox 95 749 137 781">
     <span class='ocr_line' id='line_1_3' title="bbox 95 749 137 781; baseline 0.024 -1"><span class='ocrx_word' id='word_1_3' title='bbox 95 749 137 781; x_wconf 85' lang='lat'>17</span> 
     </span>
    </p>
   </div>
   <div class='ocr_carea' id='block_1_4' title="bbox 97 985 140 1016">
    <p class='ocr_par' dir='ltr' id='par_1_4' title="bbox 97 985 140 1016">
     <span class='ocr_line' id='line_1_4' title="bbox 97 985 140 1016; baseline 0.023 -1"><span class='ocrx_word' id='word_1_4' title='bbox 97 985 140 1016; x_wconf 90' lang='grc'>18</span> 
     </span>
    </p>
   </div>
   <div class='ocr_carea' id='block_1_5' title="bbox 98 1161 139 1191">
    <p class='ocr_par' dir='ltr' id='par_1_5' title="bbox 98 1161 139 1191">
     <span class='ocr_line' id='line_1_5' title="bbox 98 1161 139 1191; baseline 0 0"><span class='ocrx_word' id='word_1_5' title='bbox 98 1161 139 1191; x_wconf 82' lang='grc'>19</span> 
     </span>
    </p>
   </div>
   <div class='ocr_carea' id='block_1_6' title="bbox 96 1337 141 1369">
    <p class='ocr_par' dir='ltr' id='par_1_6' title="bbox 96 1337 141 1369">
     <span class='ocr_line' id='line_1_6' title="bbox 96 1337 141 1369; baseline 0.022 -1"><span class='ocrx_word' id='word_1_6' title='bbox 96 1337 141 1369; x_wconf 82' lang='grc'>20</span> 
     </span>
    </p>
   </div>
   <div class='ocr_carea' id='block_1_7' title="bbox 96 1572 139 1603">
    <p class='ocr_par' dir='ltr' id='par_1_7' title="bbox 96 1572 139 1603">
     <span class='ocr_line' id='line_1_7' title="bbox 96 1572 139 1603; baseline 0 0"><span class='ocrx_word' id='word_1_7' title='bbox 96 1572 139 1603; x_wconf 82' lang='lat'>21</span> 
     </span>
    </p>
   </div>
   <div class='ocr_carea' id='block_1_8' title="bbox 162 100 1195 141">
    <p class='ocr_par' dir='ltr' id='par_1_8' title="bbox 162 100 1195 141">
     <span class='ocr_line' id='line_1_8' title="bbox 162 100 1195 141; baseline 0.005 -9"><span class='ocrx_word' id='word_1_8' title='bbox 162 100 219 141; x_wconf 81' lang='grc'>92</span> <span class='ocrx_word' id='word_1_9' title='bbox 682 100 826 135; x_wconf 84' lang='lat' dir='ltr'><strong>LIBER</strong></span> <span class='ocrx_word' id='word_1_10' title='bbox 852 101 965 139; x_wconf 89' lang='lat' dir='ltr'>XXII.</span> <span class='ocrx_word' id='word_1_11' title='bbox 1009 101 1111 137; x_wconf 86' lang='lat' dir='ltr'><strong>CAP.</strong></span> <span class='ocrx_word' id='word_1_12' title='bbox 1141 106 1195 138; x_wconf 84' lang='lat'>60.</span> 
     </span>
    </p>
   </div>
   <div class='ocr_carea' id='block_1_9' title="bbox 1569 113 1726 139">
    <p class='ocr_par' dir='ltr' id='par_1_9' title="bbox 1569 113 1726 139">
     <span class='ocr_line' id='line_1_9' title="bbox 1569 113 1726 139; baseline 0.013 -2"><span class='ocrx_word' id='word_1_13' title='bbox 1569 119 1594 137; x_wconf 87' lang='lat' dir='ltr'>a.</span> <span class='ocrx_word' id='word_1_14' title='bbox 1614 120 1643 138; x_wconf 91' lang='lat' dir='ltr'>u.</span> <span class='ocrx_word' id='word_1_15' title='bbox 1663 113 1726 139; x_wconf 87' lang='lat'><strong>538.</strong></span> 
     </span>
    </p>
   </div>
   <div class='ocr_carea' id='block_1_10' title="bbox 161 206 1733 1672">
    <p class='ocr_par' dir='ltr' id='par_1_10' title="bbox 161 206 1733 1672">
     <span class='ocr_line' id='line_1_10' title="bbox 161 206 1726 263; baseline 0.003 -15"><span class='ocrx_word' id='word_1_16' title='bbox 161 206 390 249; x_wconf 81' lang='lat' dir='ltr'>faceretis?</span> <span class='ocrx_word' id='word_1_17' title='bbox 429 208 742 262; x_wconf 71' lang='lat' dir='ltr'>quinquaginta</span> <span class='ocrx_word' id='word_1_18' title='bbox 767 207 888 249; x_wconf 87' lang='lat' dir='ltr'>milia</span> <span class='ocrx_word' id='word_1_19' title='bbox 914 208 1070 250; x_wconf 89' lang='lat' dir='ltr'>civium</span> <span class='ocrx_word' id='word_1_20' title='bbox 1103 209 1397 263; x_wconf 84' lang='lat' dir='ltr'>sociorumque</span> <span class='ocrx_word' id='word_1_21' title='bbox 1430 209 1543 251; x_wconf 87' lang='lat' dir='ltr'>circa</span> <span class='ocrx_word' id='word_1_22' title='bbox 1568 225 1642 252; x_wconf 89' lang='lat' dir='ltr'>vos</span> <span class='ocrx_word' id='word_1_23' title='bbox 1676 225 1726 253; x_wconf 90' lang='lat' dir='ltr'>eo</span> 
     </span>
     <span class='ocr_line' id='line_1_11' title="bbox 161 266 1728 323; baseline 0.002 -16"><span class='ocrx_word' id='word_1_24' title='bbox 161 267 256 320; x_wconf 90' lang='lat' dir='ltr'>ipso</span> <span class='ocrx_word' id='word_1_25' title='bbox 284 266 350 307; x_wconf 90' lang='lat' dir='ltr'>die</span> <span class='ocrx_word' id='word_1_26' title='bbox 378 280 501 307; x_wconf 86' lang='lat' dir='ltr'>caesa</span> <span class='ocrx_word' id='word_1_27' title='bbox 521 267 676 308; x_wconf 84' lang='lat' dir='ltr'>iacent.</span> <span class='ocrx_word' id='word_1_28' title='bbox 721 266 757 308; x_wconf 88' lang='lat' dir='ltr'>si</span> <span class='ocrx_word' id='word_1_29' title='bbox 783 269 849 308; x_wconf 89' lang='lat' dir='ltr'>tot</span> <span class='ocrx_word' id='word_1_30' title='bbox 875 267 1068 321; x_wconf 85' lang='lat' dir='ltr'>exempla</span> <span class='ocrx_word' id='word_1_31' title='bbox 1093 268 1264 308; x_wconf 86' lang='lat' dir='ltr'>virtutis</span> <span class='ocrx_word' id='word_1_32' title='bbox 1290 282 1380 309; x_wconf 92' lang='lat' dir='ltr'>non</span> <span class='ocrx_word' id='word_1_33' title='bbox 1405 271 1592 323; x_wconf 82' lang='lat' dir='ltr'>movent,</span> <span class='ocrx_word' id='word_1_34' title='bbox 1616 269 1728 311; x_wconf 85' lang='lat' dir='ltr'>nihil</span> 
     </span>
     <span class='ocr_line' id='line_1_12' title="bbox 163 325 1728 381; baseline 0.003 -16"><span class='ocrx_word' id='word_1_35' title='bbox 163 339 370 379; x_wconf 89' lang='lat' dir='ltr'>umquam</span> <span class='ocrx_word' id='word_1_36' title='bbox 401 325 608 379; x_wconf 79' lang='lat' dir='ltr'>movebit3</span> <span class='ocrx_word' id='word_1_37' title='bbox 642 326 677 366; x_wconf 90' lang='lat' dir='ltr'>si</span> <span class='ocrx_word' id='word_1_38' title='bbox 708 328 832 367; x_wconf 85' lang='lat' dir='ltr'>tanta</span> <span class='ocrx_word' id='word_1_39' title='bbox 858 325 997 367; x_wconf 87' lang='lat' dir='ltr'>clades</span> <span class='ocrx_word' id='word_1_40' title='bbox 1023 326 1151 367; x_wconf 87' lang='lat' dir='ltr'>vilem</span> <span class='ocrx_word' id='word_1_41' title='bbox 1183 326 1317 367; x_wconf 88' lang='lat' dir='ltr'>vitam</span> <span class='ocrx_word' id='word_1_42' title='bbox 1342 340 1431 368; x_wconf 86' lang='lat' dir='ltr'>non</span> <span class='ocrx_word' id='word_1_43' title='bbox 1455 326 1574 381; x_wconf 86' lang='lat' dir='ltr'>fecit,</span> <span class='ocrx_word' id='word_1_44' title='bbox 1608 328 1728 369; x_wconf 87' lang='lat' dir='ltr'>nulla</span> 
     </span>
     <span class='ocr_line' id='line_1_13' title="bbox 163 383 1727 441; baseline 0.002 -17"><span class='ocrx_word' id='word_1_45' title='bbox 163 383 302 425; x_wconf 88' lang='lat' dir='ltr'>faciet.</span> <span class='ocrx_word' id='word_1_46' title='bbox 368 385 444 436; x_wconf 87' lang='lat' dir='ltr'>[et]</span> <span class='ocrx_word' id='word_1_47' title='bbox 478 383 603 425; x_wconf 89' lang='lat' dir='ltr'>liberi</span> <span class='ocrx_word' id='word_1_48' title='bbox 636 387 764 438; x_wconf 90' lang='lat' dir='ltr'>atque</span> <span class='ocrx_word' id='word_1_49' title='bbox 796 384 1031 426; x_wconf 82' lang='lat' dir='ltr'>incolumes</span> <span class='ocrx_word' id='word_1_50' title='bbox 1065 385 1302 426; x_wconf 87' lang='lat' dir='ltr'>desiderate</span> <span class='ocrx_word' id='word_1_51' title='bbox 1344 385 1551 441; x_wconf 79' lang='lat' dir='ltr'>patriam3</span> <span class='ocrx_word' id='word_1_52' title='bbox 1593 386 1727 428; x_wconf 89' lang='lat' dir='ltr'>immo</span> 
     </span>
     <span class='ocr_line' id='line_1_14' title="bbox 165 441 1728 497; baseline 0.003 -15"><span class='ocrx_word' id='word_1_53' title='bbox 165 441 422 496; x_wconf 87' lang='lat' dir='ltr'>desiderate,</span> <span class='ocrx_word' id='word_1_54' title='bbox 461 442 561 483; x_wconf 90' lang='lat' dir='ltr'>dum</span> <span class='ocrx_word' id='word_1_55' title='bbox 594 444 734 496; x_wconf 86' lang='lat' dir='ltr'>patria</span> <span class='ocrx_word' id='word_1_56' title='bbox 765 446 848 497; x_wconf 87' lang='lat' dir='ltr'>est,</span> <span class='ocrx_word' id='word_1_57' title='bbox 892 443 992 484; x_wconf 89' lang='lat' dir='ltr'>dum</span> <span class='ocrx_word' id='word_1_58' title='bbox 1030 444 1140 485; x_wconf 85' lang='lat' dir='ltr'>cives</span> <span class='ocrx_word' id='word_1_59' title='bbox 1180 444 1270 485; x_wconf 91' lang='lat' dir='ltr'>eius</span> <span class='ocrx_word' id='word_1_60' title='bbox 1311 443 1427 485; x_wconf 85' lang='lat' dir='ltr'>estis.</span> <span class='ocrx_word' id='word_1_61' title='bbox 1489 458 1584 486; x_wconf 88' lang='lat' dir='ltr'>sero</span> <span class='ocrx_word' id='word_1_62' title='bbox 1616 458 1728 486; x_wconf 84' lang='lat' dir='ltr'>nunc</span> 
     </span>
     <span class='ocr_line' id='line_1_15' title="bbox 163 500 1729 556; baseline 0.002 -15"><span class='ocrx_word' id='word_1_63' title='bbox 163 501 435 555; x_wconf 85' lang='lat' dir='ltr'>desideratis,</span> <span class='ocrx_word' id='word_1_64' title='bbox 468 500 677 542; x_wconf 89' lang='lat' dir='ltr'>deminuti</span> <span class='ocrx_word' id='word_1_65' title='bbox 709 502 866 556; x_wconf 87' lang='lat' dir='ltr'>capite,</span> <span class='ocrx_word' id='word_1_66' title='bbox 898 502 1130 544; x_wconf 90' lang='lat' dir='ltr'>abalienati</span> <span class='ocrx_word' id='word_1_67' title='bbox 1156 503 1247 543; x_wconf 90' lang='lat' dir='ltr'>iure</span> <span class='ocrx_word' id='word_1_68' title='bbox 1280 503 1455 556; x_wconf 87' lang='lat' dir='ltr'>civium,</span> <span class='ocrx_word' id='word_1_69' title='bbox 1489 503 1599 544; x_wconf 87' lang='lat' dir='ltr'>servi</span> <span class='ocrx_word' id='word_1_70' title='bbox 1627 502 1729 545; x_wconf 85' lang='lat' dir='ltr'>Car-</span> 
     </span>
     <span class='ocr_line' id='line_1_16' title="bbox 163 559 1729 615; baseline 0.002 -16"><span class='ocrx_word' id='word_1_71' title='bbox 163 559 504 614; x_wconf 85' lang='lat' dir='ltr'>thaginiensium</span> <span class='ocrx_word' id='word_1_72' title='bbox 535 559 651 602; x_wconf 88' lang='lat' dir='ltr'>facti.</span> <span class='ocrx_word' id='word_1_73' title='bbox 713 561 851 615; x_wconf 90' lang='lat' dir='ltr'>pretio</span> <span class='ocrx_word' id='word_1_74' title='bbox 883 561 1061 602; x_wconf 84' lang='lat' dir='ltr'>redituri</span> <span class='ocrx_word' id='word_1_75' title='bbox 1093 562 1195 602; x_wconf 90' lang='lat' dir='ltr'>estis</span> <span class='ocrx_word' id='word_1_76' title='bbox 1228 575 1296 615; x_wconf 82' lang='lat' dir='ltr'>eo,</span> <span class='ocrx_word' id='word_1_77' title='bbox 1327 562 1438 602; x_wconf 90' lang='lat' dir='ltr'>unde</span> <span class='ocrx_word' id='word_1_78' title='bbox 1470 561 1646 615; x_wconf 85' lang='lat' dir='ltr'>ignavia</span> <span class='ocrx_word' id='word_1_79' title='bbox 1679 576 1729 603; x_wconf 91' lang='lat' dir='ltr'>ac</span> 
     </span>
     <span class='ocr_line' id='line_1_17' title="bbox 165 618 1729 674; baseline 0.002 -16"><span class='ocrx_word' id='word_1_80' title='bbox 165 618 359 673; x_wconf 74' lang='lat' dir='ltr'>nequitia</span> <span class='ocrx_word' id='word_1_81' title='bbox 391 618 574 660; x_wconf 77' lang='lat' dir='ltr'>abistis?</span> <span class='ocrx_word' id='word_1_82' title='bbox 620 618 665 661; x_wconf 92' lang='lat' dir='ltr'>P.</span> <span class='ocrx_word' id='word_1_83' title='bbox 699 619 998 674; x_wconf 82' lang='lat' dir='ltr'>Sempronium</span> <span class='ocrx_word' id='word_1_84' title='bbox 1031 620 1165 661; x_wconf 86' lang='lat' dir='ltr'>civem</span> <span class='ocrx_word' id='word_1_85' title='bbox 1196 622 1390 661; x_wconf 83' lang='lat' dir='ltr'>vestrum</span> <span class='ocrx_word' id='word_1_86' title='bbox 1427 634 1514 661; x_wconf 87' lang='lat' dir='ltr'>non</span> <span class='ocrx_word' id='word_1_87' title='bbox 1546 620 1729 662; x_wconf 83' lang='lat' dir='ltr'>audistis</span> 
     </span>
     <span class='ocr_line' id='line_1_18' title="bbox 166 678 1727 733; baseline 0.001 -15"><span class='ocrx_word' id='word_1_88' title='bbox 166 691 286 718; x_wconf 87' lang='lat' dir='ltr'>arma</span> <span class='ocrx_word' id='word_1_89' title='bbox 325 691 474 731; x_wconf 78' lang='lat' dir='ltr'>capere</span> <span class='ocrx_word' id='word_1_90' title='bbox 514 692 562 719; x_wconf 90' lang='lat' dir='ltr'>ac</span> <span class='ocrx_word' id='word_1_91' title='bbox 602 679 723 733; x_wconf 87' lang='lat' dir='ltr'>sequi</span> <span class='ocrx_word' id='word_1_92' title='bbox 766 693 809 720; x_wconf 90' lang='lat' dir='ltr'>se</span> <span class='ocrx_word' id='word_1_93' title='bbox 847 678 1081 732; x_wconf 82' lang='lat' dir='ltr'>iubentem3</span> <span class='ocrx_word' id='word_1_94' title='bbox 1127 678 1416 720; x_wconf 88' lang='lat' dir='ltr'>Hannibalem</span> <span class='ocrx_word' id='word_1_95' title='bbox 1456 681 1556 732; x_wconf 90' lang='lat' dir='ltr'>post</span> <span class='ocrx_word' id='word_1_96' title='bbox 1599 679 1727 733; x_wconf 90' lang='lat' dir='ltr'>paulo</span> 
     </span>
     <span class='ocr_line' id='line_1_19' title="bbox 167 735 1732 791; baseline 0.002 -15"><span class='ocrx_word' id='word_1_97' title='bbox 167 735 347 778; x_wconf 87' lang='lat' dir='ltr'>audistis</span> <span class='ocrx_word' id='word_1_98' title='bbox 380 739 523 777; x_wconf 87' lang='lat' dir='ltr'>castra</span> <span class='ocrx_word' id='word_1_99' title='bbox 553 737 677 790; x_wconf 86' lang='lat' dir='ltr'>prodi</span> <span class='ocrx_word' id='word_1_100' title='bbox 709 740 751 779; x_wconf 92' lang='lat' dir='ltr'>et</span> <span class='ocrx_word' id='word_1_101' title='bbox 784 752 903 778; x_wconf 89' lang='lat' dir='ltr'>arma</span> <span class='ocrx_word' id='word_1_102' title='bbox 934 737 1047 779; x_wconf 90' lang='lat' dir='ltr'>tradi</span> <span class='ocrx_word' id='word_1_103' title='bbox 1077 737 1307 778; x_wconf 84' lang='lat' dir='ltr'>iubentem.</span> <span class='ocrx_word' id='word_1_104' title='bbox 1351 751 1606 791; x_wconf 74' lang='lat' dir='ltr'>quamquam</span> <span class='ocrx_word' id='word_1_105' title='bbox 1631 738 1732 791; x_wconf 75' lang='lat' dir='ltr'>quid</span> 
     </span>
     <span class='ocr_line' id='line_1_20' title="bbox 166 795 1731 850; baseline 0.001 -15"><span class='ocrx_word' id='word_1_106' title='bbox 166 808 246 850; x_wconf 86' lang='lat' dir='ltr'>ego</span> <span class='ocrx_word' id='word_1_107' title='bbox 290 795 513 850; x_wconf 85' lang='lat' dir='ltr'>ignaviam</span> <span class='ocrx_word' id='word_1_108' title='bbox 558 795 741 838; x_wconf 89' lang='lat' dir='ltr'>istorum</span> <span class='ocrx_word' id='word_1_109' title='bbox 786 810 957 849; x_wconf 84' lang='lat' dir='ltr'>accuso,</span> <span class='ocrx_word' id='word_1_110' title='bbox 1002 811 1098 837; x_wconf 90' lang='lat' dir='ltr'>cum</span> <span class='ocrx_word' id='word_1_111' title='bbox 1142 796 1277 837; x_wconf 86' lang='lat' dir='ltr'>scelus</span> <span class='ocrx_word' id='word_1_112' title='bbox 1317 796 1479 850; x_wconf 83' lang='lat' dir='ltr'>possim</span> <span class='ocrx_word' id='word_1_113' title='bbox 1519 810 1731 838; x_wconf 87' lang='lat' dir='ltr'>accusare.</span> 
     </span>
     <span class='ocr_line' id='line_1_21' title="bbox 166 854 1731 910; baseline 0.001 -16"><span class='ocrx_word' id='word_1_114' title='bbox 166 867 256 895; x_wconf 90' lang='lat' dir='ltr'>non</span> <span class='ocrx_word' id='word_1_115' title='bbox 280 854 407 896; x_wconf 91' lang='lat' dir='ltr'>modo</span> <span class='ocrx_word' id='word_1_116' title='bbox 434 854 547 895; x_wconf 89' lang='lat' dir='ltr'>enim</span> <span class='ocrx_word' id='word_1_117' title='bbox 575 855 694 910; x_wconf 90' lang='lat' dir='ltr'>sequi</span> <span class='ocrx_word' id='word_1_118' title='bbox 721 856 973 896; x_wconf 87' lang='lat' dir='ltr'>recusarunt</span> <span class='ocrx_word' id='word_1_119' title='bbox 999 856 1108 896; x_wconf 89' lang='lat' dir='ltr'>bene</span> <span class='ocrx_word' id='word_1_120' title='bbox 1134 857 1398 908; x_wconf 85' lang='lat' dir='ltr'>monentem,</span> <span class='ocrx_word' id='word_1_121' title='bbox 1425 854 1499 896; x_wconf 89' lang='lat' dir='ltr'>sed</span> <span class='ocrx_word' id='word_1_122' title='bbox 1522 855 1731 896; x_wconf 87' lang='lat' dir='ltr'>obsistere</span> 
     </span>
     <span class='ocr_line' id='line_1_22' title="bbox 167 913 1731 967; baseline 0.001 -14"><span class='ocrx_word' id='word_1_123' title='bbox 167 926 216 953; x_wconf 87' lang='lat' dir='ltr'>ac</span> <span class='ocrx_word' id='word_1_124' title='bbox 247 913 430 954; x_wconf 84' lang='lat' dir='ltr'>retinere</span> <span class='ocrx_word' id='word_1_125' title='bbox 457 914 602 954; x_wconf 89' lang='lat' dir='ltr'>conati</span> <span class='ocrx_word' id='word_1_126' title='bbox 629 916 745 967; x_wconf 84' lang='lat' dir='ltr'>sunt,</span> <span class='ocrx_word' id='word_1_127' title='bbox 776 914 820 955; x_wconf 91' lang='lat' dir='ltr'>ni</span> <span class='ocrx_word' id='word_1_128' title='bbox 847 913 1010 954; x_wconf 82' lang='lat' dir='ltr'>strictis</span> <span class='ocrx_word' id='word_1_129' title='bbox 1037 913 1191 967; x_wconf 80' lang='lat' dir='ltr'>gladiis</span> <span class='ocrx_word' id='word_1_130' title='bbox 1218 914 1298 954; x_wconf 84' lang='lat' dir='ltr'>viri</span> <span class='ocrx_word' id='word_1_131' title='bbox 1322 913 1552 955; x_wconf 80' lang='lat' dir='ltr'>fortissimi</span> <span class='ocrx_word' id='word_1_132' title='bbox 1578 913 1731 955; x_wconf 85' lang='lat' dir='ltr'>inertis</span> 
     </span>
     <span class='ocr_line' id='line_1_23' title="bbox 168 970 1732 1027; baseline 0.001 -15"><span class='ocrx_word' id='word_1_133' title='bbox 168 971 501 1014; x_wconf 86' lang='lat' dir='ltr'>submovissent.</span> <span class='ocrx_word' id='word_1_134' title='bbox 551 973 687 1027; x_wconf 85' lang='lat' dir='ltr'>prius,</span> <span class='ocrx_word' id='word_1_135' title='bbox 721 973 910 1026; x_wconf 85' lang='lat' dir='ltr'>inquam,</span> <span class='ocrx_word' id='word_1_136' title='bbox 941 971 986 1013; x_wconf 91' lang='lat' dir='ltr'>P.</span> <span class='ocrx_word' id='word_1_137' title='bbox 1015 970 1269 1026; x_wconf 81' lang='lat' dir='ltr'>Sempronio</span> <span class='ocrx_word' id='word_1_138' title='bbox 1296 986 1372 1025; x_wconf 88' lang='lat' dir='ltr'>per</span> <span class='ocrx_word' id='word_1_139' title='bbox 1398 972 1554 1013; x_wconf 85' lang='lat' dir='ltr'>civium</span> <span class='ocrx_word' id='word_1_140' title='bbox 1575 985 1732 1027; x_wconf 84' lang='lat' dir='ltr'>agmen</span> 
     </span>
     <span class='ocr_line' id='line_1_24' title="bbox 168 1029 1732 1084; baseline 0.001 -14"><span class='ocrx_word' id='word_1_141' title='bbox 168 1044 297 1084; x_wconf 91' lang='lat' dir='ltr'>quam</span> <span class='ocrx_word' id='word_1_142' title='bbox 330 1045 407 1084; x_wconf 91' lang='lat' dir='ltr'>per</span> <span class='ocrx_word' id='word_1_143' title='bbox 438 1031 629 1073; x_wconf 87' lang='lat' dir='ltr'>hostium</span> <span class='ocrx_word' id='word_1_144' title='bbox 670 1031 752 1071; x_wconf 85' lang='lat' dir='ltr'>fuit</span> <span class='ocrx_word' id='word_1_145' title='bbox 790 1030 1108 1084; x_wconf 89' lang='lat' dir='ltr'>erumpendum.</span> <span class='ocrx_word' id='word_1_146' title='bbox 1170 1029 1250 1072; x_wconf 87' lang='lat' dir='ltr'>hos</span> <span class='ocrx_word' id='word_1_147' title='bbox 1290 1030 1403 1072; x_wconf 85' lang='lat' dir='ltr'>cives</span> <span class='ocrx_word' id='word_1_148' title='bbox 1444 1031 1585 1084; x_wconf 84' lang='lat' dir='ltr'>patria</span> <span class='ocrx_word' id='word_1_149' title='bbox 1624 1031 1732 1072; x_wconf 89' lang='lat' dir='ltr'>desi-</span> 
     </span>
     <span class='ocr_line' id='line_1_25' title="bbox 168 1088 1733 1143; baseline 0.002 -15"><span class='ocrx_word' id='word_1_150' title='bbox 168 1088 318 1130; x_wconf 80' lang='lat' dir='ltr'>deret?</span> <span class='ocrx_word' id='word_1_151' title='bbox 367 1103 548 1143; x_wconf 91' lang='lat' dir='ltr'>quorum</span> <span class='ocrx_word' id='word_1_152' title='bbox 587 1090 622 1130; x_wconf 90' lang='lat' dir='ltr'>si</span> <span class='ocrx_word' id='word_1_153' title='bbox 664 1090 793 1131; x_wconf 90' lang='lat' dir='ltr'>ceteri</span> <span class='ocrx_word' id='word_1_154' title='bbox 833 1089 993 1130; x_wconf 85' lang='lat' dir='ltr'>similes</span> <span class='ocrx_word' id='word_1_155' title='bbox 1026 1088 1226 1142; x_wconf 86' lang='lat' dir='ltr'>fuissent,</span> <span class='ocrx_word' id='word_1_156' title='bbox 1268 1089 1483 1130; x_wconf 87' lang='lat' dir='ltr'>neminem</span> <span class='ocrx_word' id='word_1_157' title='bbox 1521 1089 1648 1131; x_wconf 87' lang='lat' dir='ltr'>hodie</span> <span class='ocrx_word' id='word_1_158' title='bbox 1682 1104 1733 1131; x_wconf 80' lang='lat' dir='ltr'>ex</span> 
     </span>
     <span class='ocr_line' id='line_1_26' title="bbox 166 1147 1730 1203; baseline 0.002 -16"><span class='ocrx_word' id='word_1_159' title='bbox 166 1147 241 1201; x_wconf 86' lang='lat' dir='ltr'>iis,</span> <span class='ocrx_word' id='word_1_160' title='bbox 284 1148 356 1201; x_wconf 91' lang='lat' dir='ltr'>qui</span> <span class='ocrx_word' id='word_1_161' title='bbox 395 1147 448 1189; x_wconf 88' lang='lat' dir='ltr'>ad</span> <span class='ocrx_word' id='word_1_162' title='bbox 480 1147 652 1190; x_wconf 86' lang='lat' dir='ltr'>Cannas</span> <span class='ocrx_word' id='word_1_163' title='bbox 685 1150 1007 1203; x_wconf 83' lang='lat' dir='ltr'>pugnaverunt,</span> <span class='ocrx_word' id='word_1_164' title='bbox 1046 1148 1182 1189; x_wconf 86' lang='lat' dir='ltr'>civem</span> <span class='ocrx_word' id='word_1_165' title='bbox 1220 1148 1411 1189; x_wconf 85' lang='lat' dir='ltr'>haberet.</span> <span class='ocrx_word' id='word_1_166' title='bbox 1473 1162 1523 1189; x_wconf 87' lang='lat' dir='ltr'>ex</span> <span class='ocrx_word' id='word_1_167' title='bbox 1555 1148 1730 1190; x_wconf 86' lang='lat' dir='ltr'>milibus</span> 
     </span>
     <span class='ocr_line' id='line_1_27' title="bbox 168 1206 1733 1261; baseline 0.001 -15"><span class='ocrx_word' id='word_1_168' title='bbox 168 1207 332 1259; x_wconf 90' lang='lat' dir='ltr'>septem</span> <span class='ocrx_word' id='word_1_169' title='bbox 365 1210 629 1249; x_wconf 89' lang='lat' dir='ltr'>armatorum</span> <span class='ocrx_word' id='word_1_170' title='bbox 662 1206 850 1248; x_wconf 73' lang='lat' dir='ltr'>sexcenti</span> <span class='ocrx_word' id='word_1_171' title='bbox 876 1206 1128 1260; x_wconf 82' lang='lat' dir='ltr'>extiterunt,</span> <span class='ocrx_word' id='word_1_172' title='bbox 1160 1206 1231 1260; x_wconf 91' lang='lat' dir='ltr'>qui</span> <span class='ocrx_word' id='word_1_173' title='bbox 1264 1221 1484 1260; x_wconf 85' lang='lat' dir='ltr'>erumpere</span> <span class='ocrx_word' id='word_1_174' title='bbox 1512 1207 1733 1261; x_wconf 72' lang='lat' dir='ltr'>auderent,</span> 
     </span>
     <span class='ocr_line' id='line_1_28' title="bbox 167 1264 1731 1320; baseline 0.001 -16"><span class='ocrx_word' id='word_1_175' title='bbox 167 1264 241 1318; x_wconf 90' lang='lat' dir='ltr'>qui</span> <span class='ocrx_word' id='word_1_176' title='bbox 272 1265 317 1305; x_wconf 89' lang='lat' dir='ltr'>in</span> <span class='ocrx_word' id='word_1_177' title='bbox 355 1266 541 1319; x_wconf 87' lang='lat' dir='ltr'>patriam</span> <span class='ocrx_word' id='word_1_178' title='bbox 580 1266 706 1307; x_wconf 91' lang='lat' dir='ltr'>liberi</span> <span class='ocrx_word' id='word_1_179' title='bbox 744 1268 871 1320; x_wconf 87' lang='lat' dir='ltr'>atque</span> <span class='ocrx_word' id='word_1_180' title='bbox 911 1265 1068 1306; x_wconf 90' lang='lat' dir='ltr'>armati</span> <span class='ocrx_word' id='word_1_181' title='bbox 1108 1265 1314 1319; x_wconf 87' lang='lat' dir='ltr'>redirent,</span> <span class='ocrx_word' id='word_1_182' title='bbox 1358 1279 1497 1320; x_wconf 89' lang='lat' dir='ltr'>neque</span> <span class='ocrx_word' id='word_1_183' title='bbox 1537 1265 1606 1307; x_wconf 89' lang='lat' dir='ltr'>his</span> <span class='ocrx_word' id='word_1_184' title='bbox 1640 1280 1731 1307; x_wconf 88' lang='lat' dir='ltr'>sex-</span> 
     </span>
     <span class='ocr_line' id='line_1_29' title="bbox 168 1323 1733 1379; baseline 0.001 -15"><span class='ocrx_word' id='word_1_185' title='bbox 168 1323 302 1364; x_wconf 90' lang='lat' dir='ltr'>centis</span> <span class='ocrx_word' id='word_1_186' title='bbox 333 1323 481 1366; x_wconf 87' lang='lat' dir='ltr'>hostes</span> <span class='ocrx_word' id='word_1_187' title='bbox 508 1325 731 1366; x_wconf 85' lang='lat' dir='ltr'>obstitere:</span> <span class='ocrx_word' id='word_1_188' title='bbox 773 1339 900 1379; x_wconf 89' lang='lat' dir='ltr'>quam</span> <span class='ocrx_word' id='word_1_189' title='bbox 938 1326 1080 1366; x_wconf 91' lang='lat' dir='ltr'>tutum</span> <span class='ocrx_word' id='word_1_190' title='bbox 1111 1324 1194 1365; x_wconf 89' lang='lat' dir='ltr'>iter</span> <span class='ocrx_word' id='word_1_191' title='bbox 1226 1324 1405 1365; x_wconf 89' lang='lat' dir='ltr'>duarum</span> <span class='ocrx_word' id='word_1_192' title='bbox 1437 1338 1569 1378; x_wconf 86' lang='lat' dir='ltr'>prope</span> <span class='ocrx_word' id='word_1_193' title='bbox 1602 1324 1733 1379; x_wconf 88' lang='lat' dir='ltr'>legio·</span> 
     </span>
     <span class='ocr_line' id='line_1_30' title="bbox 167 1382 1733 1438; baseline 0.001 -16"><span class='ocrx_word' id='word_1_194' title='bbox 167 1396 271 1423; x_wconf 89' lang='lat' dir='ltr'>num</span> <span class='ocrx_word' id='word_1_195' title='bbox 312 1383 475 1438; x_wconf 85' lang='lat' dir='ltr'>agmini</span> <span class='ocrx_word' id='word_1_196' title='bbox 513 1383 705 1426; x_wconf 87' lang='lat' dir='ltr'>futurum</span> <span class='ocrx_word' id='word_1_197' title='bbox 744 1384 927 1424; x_wconf 86' lang='lat' dir='ltr'>censetis</span> <span class='ocrx_word' id='word_1_198' title='bbox 966 1382 1130 1424; x_wconf 71' lang='lat' dir='ltr'>fuisse?</span> <span class='ocrx_word' id='word_1_199' title='bbox 1175 1383 1391 1424; x_wconf 85' lang='lat' dir='ltr'>haberetis</span> <span class='ocrx_word' id='word_1_200' title='bbox 1424 1383 1551 1424; x_wconf 90' lang='lat' dir='ltr'>hodie</span> <span class='ocrx_word' id='word_1_201' title='bbox 1577 1382 1733 1438; x_wconf 86' lang='lat' dir='ltr'>viginti</span> 
     </span>
     <span class='ocr_line' id='line_1_31' title="bbox 168 1440 1731 1496; baseline 0.001 -15"><span class='ocrx_word' id='word_1_202' title='bbox 168 1440 289 1482; x_wconf 85' lang='lat' dir='ltr'>milia</span> <span class='ocrx_word' id='word_1_203' title='bbox 320 1444 582 1484; x_wconf 89' lang='lat' dir='ltr'>armatorum</span> <span class='ocrx_word' id='word_1_204' title='bbox 610 1440 788 1484; x_wconf 81' lang='lat' dir='ltr'>Canusii</span> <span class='ocrx_word' id='word_1_205' title='bbox 814 1442 944 1484; x_wconf 84' lang='lat' dir='ltr'>fortia</span> <span class='ocrx_word' id='word_1_206' title='bbox 972 1441 1132 1495; x_wconf 86' lang='lat' dir='ltr'>fidelia,</span> <span class='ocrx_word' id='word_1_207' title='bbox 1157 1444 1303 1496; x_wconf 87' lang='lat' dir='ltr'>patres</span> <span class='ocrx_word' id='word_1_208' title='bbox 1330 1442 1577 1496; x_wconf 86' lang='lat' dir='ltr'>conscripti.</span> <span class='ocrx_word' id='word_1_209' title='bbox 1616 1455 1731 1483; x_wconf 89' lang='grc'>1111110</span> 
     </span>
     <span class='ocr_line' id='line_1_32' title="bbox 169 1500 1732 1554; baseline 0.001 -14"><span class='ocrx_word' id='word_1_210' title='bbox 169 1501 312 1541; x_wconf 87' lang='lat' dir='ltr'>autem</span> <span class='ocrx_word' id='word_1_211' title='bbox 344 1515 469 1554; x_wconf 88' lang='lat' dir='ltr'>quem</span> <span class='ocrx_word' id='word_1_212' title='bbox 502 1501 555 1542; x_wconf 87' lang='lat' dir='ltr'>ad</span> <span class='ocrx_word' id='word_1_213' title='bbox 587 1501 760 1542; x_wconf 87' lang='lat' dir='ltr'>modum</span> <span class='ocrx_word' id='word_1_214' title='bbox 798 1501 843 1542; x_wconf 91' lang='lat' dir='ltr'>hi</span> <span class='ocrx_word' id='word_1_215' title='bbox 875 1501 977 1542; x_wconf 87' lang='lat' dir='ltr'>boni</span> <span class='ocrx_word' id='word_1_216' title='bbox 1014 1500 1244 1554; x_wconf 88' lang='lat' dir='ltr'>fidelesque</span> <span class='ocrx_word' id='word_1_217' title='bbox 1280 1525 1330 1530; x_wconf 92' lang='lat'>—</span> <span class='ocrx_word' id='word_1_218' title='bbox 1375 1515 1476 1542; x_wconf 90' lang='lat' dir='ltr'>nam</span> <span class='ocrx_word' id='word_1_219' title='bbox 1514 1500 1647 1542; x_wconf 85' lang='lat' dir='ltr'>fortes</span> <span class='ocrx_word' id='word_1_220' title='bbox 1678 1514 1732 1541; x_wconf 91' lang='lat' dir='ltr'>ne</span> 
     </span>
     <span class='ocr_line' id='line_1_33' title="bbox 168 1558 1732 1613; baseline 0.001 -14"><span class='ocrx_word' id='word_1_221' title='bbox 168 1558 251 1612; x_wconf 87' lang='lat' dir='ltr'>ipsi</span> <span class='ocrx_word' id='word_1_222' title='bbox 285 1559 456 1613; x_wconf 90' lang='lat' dir='ltr'>quidem</span> <span class='ocrx_word' id='word_1_223' title='bbox 495 1559 679 1600; x_wconf 84' lang='lat' dir='ltr'>dixerint</span> <span class='ocrx_word' id='word_1_224' title='bbox 713 1584 762 1588; x_wconf 91' lang='lat'>——</span> <span class='ocrx_word' id='word_1_225' title='bbox 799 1560 912 1601; x_wconf 83' lang='lat' dir='ltr'>cives</span> <span class='ocrx_word' id='word_1_226' title='bbox 946 1573 1038 1600; x_wconf 85' lang='lat' dir='ltr'>esse</span> <span class='ocrx_word' id='word_1_227' title='bbox 1070 1558 1280 1612; x_wconf 78' lang='lat' dir='ltr'>possunt?</span> <span class='ocrx_word' id='word_1_228' title='bbox 1318 1559 1403 1600; x_wconf 90' lang='lat' dir='ltr'>nisi</span> <span class='ocrx_word' id='word_1_229' title='bbox 1435 1559 1529 1613; x_wconf 89' lang='lat' dir='ltr'>quis</span> <span class='ocrx_word' id='word_1_230' title='bbox 1563 1559 1732 1600; x_wconf 90' lang='lat' dir='ltr'>credere</span> 
     </span>
     <span class='ocr_line' id='line_1_34' title="bbox 167 1617 1729 1672; baseline 0 -14"><span class='ocrx_word' id='word_1_231' title='bbox 167 1619 313 1671; x_wconf 87' lang='lat' dir='ltr'>potest</span> <span class='ocrx_word' id='word_1_232' title='bbox 338 1620 413 1658; x_wconf 92' lang='lat' dir='ltr'>aut</span> <span class='ocrx_word' id='word_1_233' title='bbox 444 1617 601 1659; x_wconf 85' lang='lat' dir='ltr'>favisse</span> <span class='ocrx_word' id='word_1_234' title='bbox 635 1618 973 1672; x_wconf 79' lang='lat' dir='ltr'>erumpentibus,</span> <span class='ocrx_word' id='word_1_235' title='bbox 1006 1617 1091 1672; x_wconf 85' lang='lat' dir='ltr'>qui,</span> <span class='ocrx_word' id='word_1_236' title='bbox 1122 1631 1175 1658; x_wconf 89' lang='lat' dir='ltr'>ne</span> <span class='ocrx_word' id='word_1_237' title='bbox 1203 1621 1486 1672; x_wconf 79' lang='lat' dir='ltr'>erumperent,</span> <span class='ocrx_word' id='word_1_238' title='bbox 1520 1617 1729 1659; x_wconf 83' lang='lat' dir='ltr'>obsistere</span> 
     </span>
    </p>
   </div>
   <div class='ocr_carea' id='block_1_11' title="bbox 166 1732 914 1869">
    <p class='ocr_par' dir='ltr' id='par_1_11' title="bbox 166 1732 914 1869">
     <span class='ocr_line' id='line_1_35' title="bbox 168 1732 914 1779; baseline 0.004 -14"><span class='ocrx_word' id='word_1_239' title='bbox 168 1732 311 1766; x_wconf 79' lang='lat' dir='ltr'>salvare</span> <span class='ocrx_word' id='word_1_240' title='bbox 345 1734 504 1777; x_wconf 89' lang='lat' dir='ltr'>(sauver)</span> <span class='ocrx_word' id='word_1_241' title='bbox 537 1734 668 1779; x_wconf 75' lang='lat' dir='ltr'>vulg&#39;ar</span> <span class='ocrx_word' id='word_1_242' title='bbox 706 1733 782 1768; x_wconf 89' lang='lat' dir='ltr'>und</span> <span class='ocrx_word' id='word_1_243' title='bbox 813 1734 914 1778; x_wconf 69' lang='lat' dir='ltr'>spat-</span> 
     </span>
     <span class='ocr_line' id='line_1_36' title="bbox 166 1778 914 1816; baseline 0.001 -3"><span class='ocrx_word' id='word_1_244' title='bbox 166 1778 363 1814; x_wconf 85' lang='lat' dir='ltr'>lateinisch</span> <span class='ocrx_word' id='word_1_245' title='bbox 382 1780 441 1815; x_wconf 85' lang='lat' dir='ltr'>ist.</span> <span class='ocrx_word' id='word_1_246' title='bbox 466 1801 509 1805; x_wconf 94' lang='lat'>—</span> <span class='ocrx_word' id='word_1_247' title='bbox 529 1781 563 1815; x_wconf 80' lang='lat' dir='ltr'>si</span> <span class='ocrx_word' id='word_1_248' title='bbox 583 1808 591 1815; x_wconf 90' lang='lat'><strong>.</strong></span> <span class='ocrx_word' id='word_1_249' title='bbox 613 1808 619 1815; x_wconf 97' lang='lat'>.</span> <span class='ocrx_word' id='word_1_250' title='bbox 643 1808 650 1815; x_wconf 91' lang='lat'><strong>.</strong></span> <span class='ocrx_word' id='word_1_251' title='bbox 671 1791 746 1816; x_wconf 74' lang='lat' dir='ltr'>non</span> <span class='ocrx_word' id='word_1_252' title='bbox 759 1784 914 1815; x_wconf 73' lang='lat' dir='ltr'>movent:</span> 
     </span>
     <span class='ocr_line' id='line_1_37' title="bbox 169 1827 914 1869; baseline 0.001 -9"><span class='ocrx_word' id='word_1_253' title='bbox 169 1829 206 1869; x_wconf 83' lang='lat'>5,</span> <span class='ocrx_word' id='word_1_254' title='bbox 241 1830 278 1869; x_wconf 83' lang='lat'>5,</span> <span class='ocrx_word' id='word_1_255' title='bbox 314 1830 331 1860; x_wconf 93' lang='lat'>1</span> <span class='ocrx_word' id='word_1_256' title='bbox 360 1827 391 1861; x_wconf 86' lang='lat' dir='ltr'>si</span> <span class='ocrx_word' id='word_1_257' title='bbox 424 1838 490 1862; x_wconf 91' lang='lat' dir='ltr'>nos</span> <span class='ocrx_word' id='word_1_258' title='bbox 515 1828 594 1862; x_wconf 87' lang='lat' dir='ltr'>tam</span> <span class='ocrx_word' id='word_1_259' title='bbox 623 1827 761 1862; x_wconf 85' lang='lat' dir='ltr'>iustum</span> <span class='ocrx_word' id='word_1_260' title='bbox 789 1827 914 1862; x_wconf 88' lang='lat' dir='ltr'>odium</span> 
     </span>
    </p>
   </div>
   <div class='ocr_carea' id='block_1_12' title="bbox 987 1733 1737 1870">
    <p class='ocr_par' dir='ltr' id='par_1_12' title="bbox 987 1733 1737 1870">
     <span class='ocr_line' id='line_1_38' title="bbox 987 1733 1737 1777; baseline 0 -10"><span class='ocrx_word' id='word_1_261' title='bbox 987 1736 1086 1768; x_wconf 71' lang='lat' dir='ltr'>sem:</span> <span class='ocrx_word' id='word_1_262' title='bbox 1129 1736 1285 1777; x_wconf 80' lang='lat' dir='ltr'>erg&#39;anze</span> <span class='ocrx_word' id='word_1_263' title='bbox 1322 1733 1457 1767; x_wconf 87' lang='lat' dir='ltr'>vorher</span> <span class='ocrx_word' id='word_1_264' title='bbox 1498 1733 1536 1767; x_wconf 89' lang='lat' dir='ltr'>et</span> <span class='ocrx_word' id='word_1_265' title='bbox 1571 1743 1610 1768; x_wconf 89' lang='lat' dir='ltr'>re</span> <span class='ocrx_word' id='word_1_266' title='bbox 1649 1743 1737 1767; x_wconf 82' lang='lat' dir='ltr'>vera</span> 
     </span>
     <span class='ocr_line' id='line_1_39' title="bbox 988 1779 1734 1824; baseline 0.001 -11"><span class='ocrx_word' id='word_1_267' title='bbox 988 1779 1246 1822; x_wconf 78' lang='lat' dir='ltr'>retinuissent;</span> <span class='ocrx_word' id='word_1_268' title='bbox 1292 1790 1422 1824; x_wconf 86' lang='lat' dir='ltr'>wegen</span> <span class='ocrx_word' id='word_1_269' title='bbox 1457 1779 1520 1814; x_wconf 87' lang='lat' dir='ltr'>des</span> <span class='ocrx_word' id='word_1_270' title='bbox 1551 1779 1734 1815; x_wconf 85' lang='lat' dir='ltr'>Verbums</span> 
     </span>
     <span class='ocr_line' id='line_1_40' title="bbox 987 1826 1734 1870; baseline 0.001 -10"><span class='ocrx_word' id='word_1_271' title='bbox 987 1839 1032 1860; x_wconf 90' lang='lat' dir='ltr'>zu</span> <span class='ocrx_word' id='word_1_272' title='bbox 1052 1837 1081 1860; x_wconf 86' lang='grc'>0.</span> <span class='ocrx_word' id='word_1_273' title='bbox 1098 1830 1153 1870; x_wconf 86' lang='grc'>56,</span> <span class='ocrx_word' id='word_1_274' title='bbox 1177 1830 1207 1861; x_wconf 92' lang='grc'>1.</span> <span class='ocrx_word' id='word_1_275' title='bbox 1234 1847 1277 1851; x_wconf 95' lang='grc'><strong>-</strong></span> <span class='ocrx_word' id='word_1_276' title='bbox 1306 1827 1370 1862; x_wconf 78' lang='lat' dir='ltr'>hos</span> <span class='ocrx_word' id='word_1_277' title='bbox 1390 1827 1494 1869; x_wconf 80' lang='lat' dir='ltr'>cives,</span> <span class='ocrx_word' id='word_1_278' title='bbox 1513 1827 1589 1861; x_wconf 87' lang='lat' dir='ltr'>und</span> <span class='ocrx_word' id='word_1_279' title='bbox 1608 1826 1734 1861; x_wconf 81' lang='lat' dir='ltr'>solche</span> 
     </span>
    </p>
   </div>
   <div class='ocr_carea' id='block_1_13' title="bbox 168 1872 923 2901">
    <p class='ocr_par' dir='ltr' id='par_1_13' title="bbox 168 1872 921 2434">
     <span class='ocr_line' id='line_1_41' title="bbox 168 1872 914 1918; baseline 0.004 -12"><span class='ocrx_word' id='word_1_280' title='bbox 168 1872 264 1907; x_wconf 86' lang='lat' dir='ltr'>nihil</span> <span class='ocrx_word' id='word_1_281' title='bbox 292 1875 433 1917; x_wconf 88' lang='lat' dir='ltr'>movet,</span> <span class='ocrx_word' id='word_1_282' title='bbox 471 1885 518 1909; x_wconf 88' lang='grc'>110</span> <span class='ocrx_word' id='word_1_283' title='bbox 556 1874 623 1909; x_wconf 85' lang='lat' dir='ltr'>illa</span> <span class='ocrx_word' id='word_1_284' title='bbox 655 1874 805 1918; x_wconf 85' lang='lat' dir='ltr'>quidem</span> <span class='ocrx_word' id='word_1_285' title='bbox 837 1885 914 1909; x_wconf 92' lang='lat' dir='ltr'>mo-</span> 
     </span>
     <span class='ocr_line' id='line_1_42' title="bbox 172 1921 914 1966; baseline 0.003 -12"><span class='ocrx_word' id='word_1_286' title='bbox 172 1922 284 1955; x_wconf 82' lang='lat' dir='ltr'>vent?</span> <span class='ocrx_word' id='word_1_287' title='bbox 311 1941 354 1946; x_wconf 91' lang='lat'><strong>—</strong></span> <span class='ocrx_word' id='word_1_288' title='bbox 380 1921 596 1965; x_wconf 76' lang='lat' dir='ltr'>incolumes,</span> <span class='ocrx_word' id='word_1_289' title='bbox 622 1921 703 1956; x_wconf 88' lang='lat' dir='ltr'>hier</span> <span class='ocrx_word' id='word_1_290' title='bbox 727 1921 776 1956; x_wconf 91' lang='lat' dir='ltr'>im</span> <span class='ocrx_word' id='word_1_291' title='bbox 800 1932 914 1966; x_wconf 84' lang='lat' dir='ltr'>unge-</span> 
     </span>
     <span class='ocr_line' id='line_1_43' title="bbox 170 1967 913 2013; baseline 0.003 -13"><span class='ocrx_word' id='word_1_292' title='bbox 170 1967 420 2003; x_wconf 68' lang='lat' dir='ltr'>schmalerten</span> <span class='ocrx_word' id='word_1_293' title='bbox 454 1968 597 2003; x_wconf 83' lang='lat' dir='ltr'>Besitze</span> <span class='ocrx_word' id='word_1_294' title='bbox 637 1968 730 2004; x_wconf 87' lang='lat' dir='ltr'>aller</span> <span class='ocrx_word' id='word_1_295' title='bbox 760 1969 913 2013; x_wconf 68' lang='lat' dir='ltr'>burger-</span> 
     </span>
     <span class='ocr_line' id='line_1_44' title="bbox 170 2013 917 2060; baseline 0.004 -13"><span class='ocrx_word' id='word_1_296' title='bbox 170 2013 295 2049; x_wconf 83' lang='lat' dir='ltr'>lichen</span> <span class='ocrx_word' id='word_1_297' title='bbox 326 2015 484 2058; x_wconf 83' lang='lat' dir='ltr'>Rechte,</span> <span class='ocrx_word' id='word_1_298' title='bbox 529 2016 735 2060; x_wconf 86' lang='lat' dir='ltr'>Gegensatz</span> <span class='ocrx_word' id='word_1_299' title='bbox 773 2027 817 2049; x_wconf 89' lang='lat' dir='ltr'>zu</span> <span class='ocrx_word' id='word_1_300' title='bbox 855 2015 917 2050; x_wconf 85' lang='lat' dir='ltr'>ab·</span> 
     </span>
     <span class='ocr_line' id='line_1_45' title="bbox 171 2060 916 2106; baseline 0.003 -11"><span class='ocrx_word' id='word_1_301' title='bbox 171 2060 279 2096; x_wconf 87' lang='lat' dir='ltr'>alien.</span> <span class='ocrx_word' id='word_1_302' title='bbox 301 2061 380 2096; x_wconf 89' lang='lat' dir='ltr'>iure</span> <span class='ocrx_word' id='word_1_303' title='bbox 402 2061 548 2097; x_wconf 88' lang='lat' dir='ltr'>civium.</span> <span class='ocrx_word' id='word_1_304' title='bbox 575 2082 617 2087; x_wconf 92' lang='lat'>-—</span> <span class='ocrx_word' id='word_1_305' title='bbox 639 2063 817 2097; x_wconf 76' lang='lat' dir='ltr'>deminuti</span> <span class='ocrx_word' id='word_1_306' title='bbox 836 2073 916 2106; x_wconf 78' lang='lat' dir='ltr'>cap.</span> 
     </span>
     <span class='ocr_line' id='line_1_46' title="bbox 171 2106 918 2152; baseline 0.003 -11"><span class='ocrx_word' id='word_1_307' title='bbox 171 2106 239 2142; x_wconf 89' lang='lat' dir='ltr'>Die</span> <span class='ocrx_word' id='word_1_308' title='bbox 266 2108 401 2152; x_wconf 86' lang='lat' dir='ltr'>capitis</span> <span class='ocrx_word' id='word_1_309' title='bbox 429 2108 632 2144; x_wconf 88' lang='lat' dir='ltr'>deminutio</span> <span class='ocrx_word' id='word_1_310' title='bbox 652 2109 816 2144; x_wconf 80' lang='lat' dir='ltr'>maxima</span> <span class='ocrx_word' id='word_1_311' title='bbox 837 2121 918 2143; x_wconf 86' lang='lat' dir='ltr'>um·</span> 
     </span>
     <span class='ocr_line' id='line_1_47' title="bbox 170 2153 918 2198; baseline 0.003 -11"><span class='ocrx_word' id='word_1_312' title='bbox 170 2153 280 2188; x_wconf 82' lang='lat' dir='ltr'>fafste</span> <span class='ocrx_word' id='word_1_313' title='bbox 324 2155 475 2190; x_wconf 84' lang='lat' dir='ltr'>Verlust</span> <span class='ocrx_word' id='word_1_314' title='bbox 518 2156 583 2190; x_wconf 87' lang='lat' dir='ltr'>der</span> <span class='ocrx_word' id='word_1_315' title='bbox 625 2155 808 2198; x_wconf 88' lang='lat' dir='ltr'>Freiheit,</span> <span class='ocrx_word' id='word_1_316' title='bbox 855 2155 918 2189; x_wconf 82' lang='lat' dir='ltr'>des</span> 
     </span>
     <span class='ocr_line' id='line_1_48' title="bbox 171 2200 917 2246; baseline 0.001 -12"><span class='ocrx_word' id='word_1_317' title='bbox 171 2200 462 2245; x_wconf 75' lang='lat' dir='ltr'>Bfirgerrechtes</span> <span class='ocrx_word' id='word_1_318' title='bbox 488 2202 562 2236; x_wconf 89' lang='lat' dir='ltr'>und</span> <span class='ocrx_word' id='word_1_319' title='bbox 588 2202 652 2237; x_wconf 85' lang='lat' dir='ltr'>der</span> <span class='ocrx_word' id='word_1_320' title='bbox 673 2201 843 2246; x_wconf 87' lang='lat' dir='ltr'>Stellung</span> <span class='ocrx_word' id='word_1_321' title='bbox 862 2201 917 2236; x_wconf 88' lang='lat' dir='ltr'>als</span> 
     </span>
     <span class='ocr_line' id='line_1_49' title="bbox 172 2247 918 2293; baseline 0.004 -13"><span class='ocrx_word' id='word_1_322' title='bbox 172 2247 563 2293; x_wconf 82' lang='lat' dir='ltr'>Familienoberhaupt</span> <span class='ocrx_word' id='word_1_323' title='bbox 588 2250 741 2293; x_wconf 87' lang='lat' dir='ltr'>(caput).</span> <span class='ocrx_word' id='word_1_324' title='bbox 767 2269 810 2273; x_wconf 97' lang='lat'><strong>—</strong></span> <span class='ocrx_word' id='word_1_325' title='bbox 837 2249 918 2283; x_wconf 74' lang='lat' dir='ltr'>iure</span> 
     </span>
     <span class='ocr_line' id='line_1_50' title="bbox 172 2295 919 2339; baseline 0 -10"><span class='ocrx_word' id='word_1_326' title='bbox 172 2295 319 2337; x_wconf 75' lang='lat' dir='ltr'>civium,</span> <span class='ocrx_word' id='word_1_327' title='bbox 345 2295 579 2339; x_wconf 75' lang='lat' dir='ltr'>gewohnlich</span> <span class='ocrx_word' id='word_1_328' title='bbox 606 2295 747 2330; x_wconf 80' lang='lat' dir='ltr'>civitas.</span> <span class='ocrx_word' id='word_1_329' title='bbox 769 2315 812 2320; x_wconf 88' lang='lat'>—</span> <span class='ocrx_word' id='word_1_330' title='bbox 834 2298 919 2339; x_wconf 75' lang='lat' dir='ltr'>post</span> 
     </span>
     <span class='ocr_line' id='line_1_51' title="bbox 169 2341 921 2388; baseline 0 -12"><span class='ocrx_word' id='word_1_331' title='bbox 169 2342 296 2386; x_wconf 76' lang='lat' dir='ltr'>paulo,</span> <span class='ocrx_word' id='word_1_332' title='bbox 324 2345 380 2385; x_wconf 85' lang='lat'>28,</span> <span class='ocrx_word' id='word_1_333' title='bbox 407 2346 463 2385; x_wconf 87' lang='lat'>24,</span> <span class='ocrx_word' id='word_1_334' title='bbox 493 2346 547 2386; x_wconf 85' lang='lat'>13,</span> <span class='ocrx_word' id='word_1_335' title='bbox 574 2341 726 2388; x_wconf 85' lang='lat' dir='ltr'>gestellt</span> <span class='ocrx_word' id='word_1_336' title='bbox 746 2342 815 2376; x_wconf 89' lang='lat' dir='ltr'>wie</span> <span class='ocrx_word' id='word_1_337' title='bbox 835 2343 921 2386; x_wconf 82' lang='lat' dir='ltr'>post</span> 
     </span>
     <span class='ocr_line' id='line_1_52' title="bbox 174 2388 634 2434; baseline 0.004 -12"><span class='ocrx_word' id='word_1_338' title='bbox 174 2388 295 2432; x_wconf 89' lang='lat' dir='ltr'>modo,</span> <span class='ocrx_word' id='word_1_339' title='bbox 321 2391 407 2433; x_wconf 87' lang='lat' dir='ltr'>post</span> <span class='ocrx_word' id='word_1_340' title='bbox 432 2389 634 2434; x_wconf 86' lang='lat' dir='ltr'>aliquanto.</span> 
     </span>
    </p>

    <p class='ocr_par' dir='ltr' id='par_1_14' title="bbox 174 2435 923 2901">
     <span class='ocr_line' id='line_1_53' title="bbox 224 2435 919 2481; baseline -0.001 -11"><span class='ocrx_word' id='word_1_341' title='bbox 224 2439 278 2471; x_wconf 85' lang='lat'>17.</span> <span class='ocrx_word' id='word_1_342' title='bbox 302 2440 354 2471; x_wconf 91' lang='grc'>18.</span> <span class='ocrx_word' id='word_1_343' title='bbox 382 2447 601 2481; x_wconf 77' lang='lat' dir='ltr'>quamquam</span> <span class='ocrx_word' id='word_1_344' title='bbox 629 2435 819 2478; x_wconf 77' lang='lat' dir='ltr'>‘freilich&#39;,</span> <span class='ocrx_word' id='word_1_345' title='bbox 845 2446 919 2469; x_wconf 89' lang='lat' dir='ltr'>wo-</span> 
     </span>
     <span class='ocr_line' id='line_1_54' title="bbox 174 2481 920 2528; baseline 0 -12"><span class='ocrx_word' id='word_1_346' title='bbox 174 2482 233 2517; x_wconf 71' lang='lat' dir='ltr'>fi&#39;ir</span> <span class='ocrx_word' id='word_1_347' title='bbox 271 2494 357 2517; x_wconf 89' lang='lat' dir='ltr'>man</span> <span class='ocrx_word' id='word_1_348' title='bbox 395 2483 483 2518; x_wconf 87' lang='lat' dir='ltr'>eher</span> <span class='ocrx_word' id='word_1_349' title='bbox 522 2483 581 2518; x_wconf 87' lang='lat' dir='ltr'>die</span> <span class='ocrx_word' id='word_1_350' title='bbox 618 2481 835 2528; x_wconf 84' lang='lat' dir='ltr'>Frageform</span> <span class='ocrx_word' id='word_1_351' title='bbox 866 2493 920 2516; x_wconf 84' lang='lat' dir='ltr'>er-</span> 
     </span>
     <span class='ocr_line' id='line_1_55' title="bbox 175 2529 920 2574; baseline -0.001 -10"><span class='ocrx_word' id='word_1_352' title='bbox 175 2531 318 2573; x_wconf 83' lang='lat' dir='ltr'>wartet,</span> <span class='ocrx_word' id='word_1_353' title='bbox 346 2532 464 2567; x_wconf 84' lang='lat' dir='ltr'>etwa:</span> <span class='ocrx_word' id='word_1_354' title='bbox 489 2531 554 2565; x_wconf 83' lang='lat' dir='ltr'>sed</span> <span class='ocrx_word' id='word_1_355' title='bbox 580 2541 691 2574; x_wconf 88' lang='lat' dir='ltr'>quam</span> <span class='ocrx_word' id='word_1_356' title='bbox 718 2540 804 2574; x_wconf 89' lang='lat' dir='ltr'>ego,</span> <span class='ocrx_word' id='word_1_357' title='bbox 831 2529 920 2564; x_wconf 88' lang='lat' dir='ltr'>oder</span> 
     </span>
     <span class='ocr_line' id='line_1_56' title="bbox 176 2576 920 2659; baseline 0 -2"><span class='ocrx_word' id='word_1_358' title='bbox 176 2578 546 2659; x_wconf 40' lang='lat'>333323331‘311&amp;</span> <span class='ocrx_word' id='word_1_359' title='bbox 563 2576 920 2659; x_wconf 37' lang='lat' dir='ltr'>effigia-erigit&amp;</span> 
     </span>
     <span class='ocr_line' id='line_1_57' title="bbox 178 2670 921 2714; baseline 0 -10"><span class='ocrx_word' id='word_1_360' title='bbox 178 2670 350 2705; x_wconf 89' lang='lat' dir='ltr'>Vorwurf</span> <span class='ocrx_word' id='word_1_361' title='bbox 384 2671 449 2706; x_wconf 89' lang='lat' dir='ltr'>der</span> <span class='ocrx_word' id='word_1_362' title='bbox 480 2671 683 2706; x_wconf 76' lang='lat' dir='ltr'>Passivit&#39;at</span> <span class='ocrx_word' id='word_1_363' title='bbox 717 2670 831 2714; x_wconf 87' lang='lat' dir='ltr'>wiegt</span> <span class='ocrx_word' id='word_1_364' title='bbox 862 2670 921 2704; x_wconf 82' lang='lat' dir='ltr'>die</span> 
     </span>
     <span class='ocr_line' id='line_1_58' title="bbox 176 2716 922 2763; baseline 0 -13"><span class='ocrx_word' id='word_1_365' title='bbox 176 2716 215 2751; x_wconf 90' lang='lat' dir='ltr'>in</span> <span class='ocrx_word' id='word_1_366' title='bbox 242 2717 546 2753; x_wconf 76' lang='lat' dir='ltr'>Thatlichkeiten</span> <span class='ocrx_word' id='word_1_367' title='bbox 571 2717 831 2763; x_wconf 75' lang='lat' dir='ltr'>fibergehende</span> <span class='ocrx_word' id='word_1_368' title='bbox 863 2717 922 2750; x_wconf 89' lang='lat' dir='ltr'>In-</span> 
     </span>
     <span class='ocr_line' id='line_1_59' title="bbox 178 2763 923 2809; baseline 0 -12"><span class='ocrx_word' id='word_1_369' title='bbox 178 2764 476 2809; x_wconf 80' lang='lat' dir='ltr'>subordination,</span> <span class='ocrx_word' id='word_1_370' title='bbox 514 2769 534 2808; x_wconf 65' lang='lat' dir='ltr'>g</span> <span class='ocrx_word' id='word_1_371' title='bbox 560 2769 623 2809; x_wconf 91' lang='lat'>21,</span> <span class='ocrx_word' id='word_1_372' title='bbox 661 2764 826 2800; x_wconf 83' lang='lat' dir='ltr'>obschon</span> <span class='ocrx_word' id='word_1_373' title='bbox 860 2763 923 2797; x_wconf 88' lang='lat' dir='ltr'>der</span> 
     </span>
     <span class='ocr_line' id='line_1_60' title="bbox 179 2809 923 2856; baseline 0.001 -13"><span class='ocrx_word' id='word_1_374' title='bbox 179 2810 356 2855; x_wconf 86' lang='lat' dir='ltr'>Vorgang</span> <span class='ocrx_word' id='word_1_375' title='bbox 383 2823 411 2846; x_wconf 92' lang='grc'>0.</span> <span class='ocrx_word' id='word_1_376' title='bbox 445 2815 510 2856; x_wconf 82' lang='lat'>50,</span> <span class='ocrx_word' id='word_1_377' title='bbox 551 2815 594 2846; x_wconf 93' lang='lat'>10</span> <span class='ocrx_word' id='word_1_378' title='bbox 626 2811 731 2846; x_wconf 83' lang='lat' dir='ltr'>nicht</span> <span class='ocrx_word' id='word_1_379' title='bbox 763 2822 801 2846; x_wconf 89' lang='lat' dir='ltr'>so</span> <span class='ocrx_word' id='word_1_380' title='bbox 828 2809 923 2856; x_wconf 88' lang='lat' dir='ltr'>grell</span> 
     </span>
     <span class='ocr_line' id='line_1_61' title="bbox 180 2855 921 2901; baseline 0.003 -11"><span class='ocrx_word' id='word_1_381' title='bbox 180 2855 397 2901; x_wconf 81' lang='lat' dir='ltr'>dargestellt</span> <span class='ocrx_word' id='word_1_382' title='bbox 421 2858 479 2893; x_wconf 84' lang='lat' dir='ltr'>ist.</span> <span class='ocrx_word' id='word_1_383' title='bbox 508 2879 551 2884; x_wconf 95' lang='lat'>—</span> <span class='ocrx_word' id='word_1_384' title='bbox 577 2859 619 2894; x_wconf 77' lang='lat' dir='ltr'>ni</span> <span class='ocrx_word' id='word_1_385' title='bbox 639 2886 646 2894; x_wconf 89' lang='lat'><strong>.</strong></span> <span class='ocrx_word' id='word_1_386' title='bbox 669 2885 676 2893; x_wconf 94' lang='lat'>.</span> <span class='ocrx_word' id='word_1_387' title='bbox 699 2885 706 2892; x_wconf 94' lang='lat'><strong>.</strong></span> <span class='ocrx_word' id='word_1_388' title='bbox 727 2857 921 2893; x_wconf 67' lang='lat' dir='ltr'>submovis-</span> 
     </span>
    </p>
   </div>
   <div class='ocr_carea' id='block_1_14' title="bbox 986 1873 1738 2901">
    <p class='ocr_par' dir='ltr' id='par_1_15' title="bbox 987 1873 1140 1918">
     <span class='ocr_line' id='line_1_62' title="bbox 987 1873 1140 1918; baseline 0.007 -11"><span class='ocrx_word' id='word_1_389' title='bbox 987 1873 1140 1918; x_wconf 70' lang='lat' dir='ltr'>Burger.</span> 
     </span>
    </p>

    <p class='ocr_par' dir='ltr' id='par_1_16' title="bbox 986 1920 1738 2901">
     <span class='ocr_line' id='line_1_63' title="bbox 1037 1920 1737 1965; baseline 0.001 -11"><span class='ocrx_word' id='word_1_390' title='bbox 1037 1923 1187 1955; x_wconf 83' lang='lat'>19—21.</span> <span class='ocrx_word' id='word_1_391' title='bbox 1233 1921 1367 1961; x_wconf 80' lang='lat' dir='ltr'>hostes,</span> <span class='ocrx_word' id='word_1_392' title='bbox 1405 1920 1640 1965; x_wconf 75' lang='lat' dir='ltr'>gewohnlich</span> <span class='ocrx_word' id='word_1_393' title='bbox 1677 1920 1737 1955; x_wconf 88' lang='lat' dir='ltr'>tot</span> 
     </span>
     <span class='ocr_line' id='line_1_64' title="bbox 988 1966 1736 2012; baseline -0.003 -10"><span class='ocrx_word' id='word_1_394' title='bbox 988 1967 1094 2002; x_wconf 84' lang='lat' dir='ltr'>milia</span> <span class='ocrx_word' id='word_1_395' title='bbox 1112 1967 1297 2009; x_wconf 81' lang='lat' dir='ltr'>hostium3</span> <span class='ocrx_word' id='word_1_396' title='bbox 1318 1966 1432 2001; x_wconf 83' lang='lat' dir='ltr'>allein</span> <span class='ocrx_word' id='word_1_397' title='bbox 1449 1967 1514 2002; x_wconf 88' lang='lat' dir='ltr'>der</span> <span class='ocrx_word' id='word_1_398' title='bbox 1528 1967 1736 2012; x_wconf 75' lang='lat' dir='ltr'>Gegensatz</span> 
     </span>
     <span class='ocr_line' id='line_1_65' title="bbox 991 2013 1738 2058; baseline 0 -10"><span class='ocrx_word' id='word_1_399' title='bbox 991 2014 1084 2058; x_wconf 86' lang='lat' dir='ltr'>liegt</span> <span class='ocrx_word' id='word_1_400' title='bbox 1108 2014 1215 2048; x_wconf 85' lang='lat' dir='ltr'>nicht</span> <span class='ocrx_word' id='word_1_401' title='bbox 1239 2014 1278 2049; x_wconf 89' lang='lat' dir='ltr'>in</span> <span class='ocrx_word' id='word_1_402' title='bbox 1303 2013 1369 2048; x_wconf 89' lang='lat' dir='ltr'>der</span> <span class='ocrx_word' id='word_1_403' title='bbox 1396 2014 1489 2049; x_wconf 86' lang='lat' dir='ltr'>Zahl</span> <span class='ocrx_word' id='word_1_404' title='bbox 1514 2014 1579 2049; x_wconf 86' lang='lat' dir='ltr'>der</span> <span class='ocrx_word' id='word_1_405' title='bbox 1600 2014 1738 2049; x_wconf 73' lang='lat' dir='ltr'>Romer</span> 
     </span>
     <span class='ocr_line' id='line_1_66' title="bbox 991 2061 1738 2104; baseline 0 -9"><span class='ocrx_word' id='word_1_406' title='bbox 991 2061 1067 2095; x_wconf 89' lang='lat' dir='ltr'>und</span> <span class='ocrx_word' id='word_1_407' title='bbox 1105 2061 1169 2096; x_wconf 89' lang='lat' dir='ltr'>der</span> <span class='ocrx_word' id='word_1_408' title='bbox 1202 2061 1355 2104; x_wconf 89' lang='lat' dir='ltr'>Punier,</span> <span class='ocrx_word' id='word_1_409' title='bbox 1400 2062 1559 2096; x_wconf 88' lang='lat' dir='ltr'>sondern</span> <span class='ocrx_word' id='word_1_410' title='bbox 1595 2061 1634 2095; x_wconf 91' lang='lat' dir='ltr'>in</span> <span class='ocrx_word' id='word_1_411' title='bbox 1671 2061 1738 2095; x_wconf 84' lang='lat' dir='ltr'>der</span> 
     </span>
     <span class='ocr_line' id='line_1_67' title="bbox 993 2107 1737 2152; baseline -0.001 -10"><span class='ocrx_word' id='word_1_412' title='bbox 993 2107 1293 2152; x_wconf 81' lang='lat' dir='ltr'>Voraussetzung</span> <span class='ocrx_word' id='word_1_413' title='bbox 1330 2107 1431 2142; x_wconf 85' lang='lat' dir='ltr'>eines</span> <span class='ocrx_word' id='word_1_414' title='bbox 1471 2107 1737 2152; x_wconf 83' lang='lat' dir='ltr'>notwendigen</span> 
     </span>
     <span class='ocr_line' id='line_1_68' title="bbox 990 2153 1736 2189; baseline 0 -1"><span class='ocrx_word' id='word_1_415' title='bbox 990 2154 1274 2189; x_wconf 84' lang='lat' dir='ltr'>Durchbruehes</span> <span class='ocrx_word' id='word_1_416' title='bbox 1298 2153 1374 2187; x_wconf 88' lang='lat' dir='ltr'>und</span> <span class='ocrx_word' id='word_1_417' title='bbox 1393 2154 1431 2187; x_wconf 91' lang='lat' dir='ltr'>in</span> <span class='ocrx_word' id='word_1_418' title='bbox 1452 2154 1516 2188; x_wconf 86' lang='lat' dir='ltr'>der</span> <span class='ocrx_word' id='word_1_419' title='bbox 1532 2153 1736 2188; x_wconf 71' lang='lat' dir='ltr'>Wirklich-</span> 
     </span>
     <span class='ocr_line' id='line_1_69' title="bbox 990 2200 1737 2245; baseline 0 -11"><span class='ocrx_word' id='word_1_420' title='bbox 990 2200 1083 2243; x_wconf 85' lang='lat' dir='ltr'>keit,</span> <span class='ocrx_word' id='word_1_421' title='bbox 1108 2200 1189 2235; x_wconf 84' lang='lat' dir='ltr'>dass</span> <span class='ocrx_word' id='word_1_422' title='bbox 1214 2201 1273 2236; x_wconf 88' lang='lat' dir='ltr'>die</span> <span class='ocrx_word' id='word_1_423' title='bbox 1299 2200 1435 2234; x_wconf 88' lang='lat' dir='ltr'>Feinde</span> <span class='ocrx_word' id='word_1_424' title='bbox 1462 2200 1534 2234; x_wconf 89' lang='lat' dir='ltr'>den</span> <span class='ocrx_word' id='word_1_425' title='bbox 1553 2200 1649 2245; x_wconf 87' lang='lat' dir='ltr'>Weg</span> <span class='ocrx_word' id='word_1_426' title='bbox 1668 2211 1737 2244; x_wconf 88' lang='lat' dir='ltr'>gar</span> 
     </span>
     <span class='ocr_line' id='line_1_70' title="bbox 990 2246 1738 2292; baseline 0.001 -11"><span class='ocrx_word' id='word_1_427' title='bbox 990 2247 1095 2282; x_wconf 89' lang='lat' dir='ltr'>nicht</span> <span class='ocrx_word' id='word_1_428' title='bbox 1120 2247 1311 2292; x_wconf 85' lang='lat' dir='ltr'>verlegten</span> <span class='ocrx_word' id='word_1_429' title='bbox 1343 2247 1418 2281; x_wconf 88' lang='lat' dir='ltr'>und</span> <span class='ocrx_word' id='word_1_430' title='bbox 1450 2247 1528 2281; x_wconf 87' lang='lat' dir='ltr'>sich</span> <span class='ocrx_word' id='word_1_431' title='bbox 1561 2246 1627 2282; x_wconf 85' lang='lat' dir='ltr'>auf</span> <span class='ocrx_word' id='word_1_432' title='bbox 1655 2248 1738 2282; x_wconf 88' lang='lat' dir='ltr'>eine</span> 
     </span>
     <span class='ocr_line' id='line_1_71' title="bbox 991 2293 1737 2339; baseline 0.001 -11"><span class='ocrx_word' id='word_1_433' title='bbox 991 2294 1284 2339; x_wconf 86' lang='lat' dir='ltr'>Beunruhigung</span> <span class='ocrx_word' id='word_1_434' title='bbox 1320 2293 1359 2328; x_wconf 87' lang='lat' dir='ltr'>in</span> <span class='ocrx_word' id='word_1_435' title='bbox 1397 2294 1462 2328; x_wconf 87' lang='lat' dir='ltr'>der</span> <span class='ocrx_word' id='word_1_436' title='bbox 1496 2294 1638 2329; x_wconf 84' lang='lat' dir='ltr'>Flanke</span> <span class='ocrx_word' id='word_1_437' title='bbox 1675 2294 1737 2330; x_wconf 88' lang='lat' dir='ltr'>be-</span> 
     </span>
     <span class='ocr_line' id='line_1_72' title="bbox 994 2341 1738 2384; baseline 0.003 -10"><span class='ocrx_word' id='word_1_438' title='bbox 994 2341 1236 2383; x_wconf 70' lang='lat' dir='ltr'>sohr‘ankten,</span> <span class='ocrx_word' id='word_1_439' title='bbox 1270 2352 1299 2376; x_wconf 90' lang='lat' dir='ltr'>c.</span> <span class='ocrx_word' id='word_1_440' title='bbox 1327 2344 1389 2384; x_wconf 87' lang='lat'>50,</span> <span class='ocrx_word' id='word_1_441' title='bbox 1426 2344 1481 2375; x_wconf 90' lang='lat'>11.</span> <span class='ocrx_word' id='word_1_442' title='bbox 1508 2361 1551 2366; x_wconf 90' lang='lat'>—</span> <span class='ocrx_word' id='word_1_443' title='bbox 1579 2342 1738 2376; x_wconf 79' lang='lat' dir='ltr'>duarum</span> 
     </span>
     <span class='ocr_line' id='line_1_73' title="bbox 986 2386 1737 2432; baseline -0.001 -10"><span class='ocrx_word' id='word_1_444' title='bbox 986 2398 1046 2432; x_wconf 74' lang='lat' dir='ltr'>pr.</span> <span class='ocrx_word' id='word_1_445' title='bbox 1075 2388 1137 2432; x_wconf 66' lang='lat' dir='ltr'>leq.</span> <span class='ocrx_word' id='word_1_446' title='bbox 1164 2400 1207 2422; x_wconf 87' lang='lat' dir='ltr'>zu</span> <span class='ocrx_word' id='word_1_447' title='bbox 1232 2388 1270 2432; x_wconf 81' lang='lat' dir='ltr'>je</span> <span class='ocrx_word' id='word_1_448' title='bbox 1303 2391 1396 2423; x_wconf 85' lang='lat'>4000</span> <span class='ocrx_word' id='word_1_449' title='bbox 1421 2388 1535 2422; x_wconf 83' lang='lat' dir='ltr'>Mann</span> <span class='ocrx_word' id='word_1_450' title='bbox 1559 2386 1737 2423; x_wconf 79' lang='lat' dir='ltr'>Fussvolk</span> 
     </span>
     <span class='ocr_line' id='line_1_74' title="bbox 993 2434 1738 2479; baseline 0 -11"><span class='ocrx_word' id='word_1_451' title='bbox 993 2434 1202 2479; x_wconf 83' lang='lat' dir='ltr'>gerechnet.</span> <span class='ocrx_word' id='word_1_452' title='bbox 1230 2455 1274 2460; x_wconf 90' lang='lat'>—-</span> <span class='ocrx_word' id='word_1_453' title='bbox 1306 2435 1421 2478; x_wconf 79' lang='lat' dir='ltr'>fortia</span> <span class='ocrx_word' id='word_1_454' title='bbox 1445 2435 1588 2478; x_wconf 73' lang='lat' dir='ltr'>fidelia,</span> <span class='ocrx_word' id='word_1_455' title='bbox 1610 2446 1654 2468; x_wconf 91' lang='lat' dir='ltr'>zu</span> <span class='ocrx_word' id='word_1_456' title='bbox 1679 2438 1738 2478; x_wconf 88' lang='lat'>21,</span> 
     </span>
     <span class='ocr_line' id='line_1_75' title="bbox 992 2480 1737 2526; baseline 0.001 -11"><span class='ocrx_word' id='word_1_457' title='bbox 992 2485 1050 2524; x_wconf 84' lang='lat'>44,</span> <span class='ocrx_word' id='word_1_458' title='bbox 1071 2486 1108 2524; x_wconf 80' lang='lat'>23</span> <span class='ocrx_word' id='word_1_459' title='bbox 1136 2482 1200 2516; x_wconf 87' lang='lat' dir='ltr'>das</span> <span class='ocrx_word' id='word_1_460' title='bbox 1227 2481 1500 2526; x_wconf 86' lang='lat' dir='ltr'>zweigliedrige</span> <span class='ocrx_word' id='word_1_461' title='bbox 1519 2480 1737 2525; x_wconf 80' lang='lat' dir='ltr'>Asyndeton</span> 
     </span>
     <span class='ocr_line' id='line_1_76' title="bbox 993 2527 1737 2573; baseline -0.001 -11"><span class='ocrx_word' id='word_1_462' title='bbox 993 2528 1062 2563; x_wconf 88' lang='lat' dir='ltr'>wie</span> <span class='ocrx_word' id='word_1_463' title='bbox 1082 2528 1256 2573; x_wconf 87' lang='lat' dir='ltr'>Juppiter</span> <span class='ocrx_word' id='word_1_464' title='bbox 1282 2528 1443 2572; x_wconf 80' lang='lat' dir='ltr'>optimus</span> <span class='ocrx_word' id='word_1_465' title='bbox 1468 2527 1666 2570; x_wconf 72' lang='lat' dir='ltr'>maximus,</span> <span class='ocrx_word' id='word_1_466' title='bbox 1693 2540 1737 2562; x_wconf 86' lang='lat' dir='ltr'>zu</span> 
     </span>
     <span class='ocr_line' id='line_1_77' title="bbox 994 2575 1735 2619; baseline -0.001 -9"><span class='ocrx_word' id='word_1_467' title='bbox 994 2586 1023 2610; x_wconf 87' lang='grc'>0.</span> <span class='ocrx_word' id='word_1_468' title='bbox 1051 2579 1113 2619; x_wconf 85' lang='grc'>37,</span> <span class='ocrx_word' id='word_1_469' title='bbox 1143 2580 1196 2610; x_wconf 86' lang='lat'>12.</span> <span class='ocrx_word' id='word_1_470' title='bbox 1223 2596 1267 2600; x_wconf 89' lang='lat'>—</span> <span class='ocrx_word' id='word_1_471' title='bbox 1300 2576 1386 2611; x_wconf 73' lang='lat' dir='ltr'>boni</span> <span class='ocrx_word' id='word_1_472' title='bbox 1409 2575 1471 2619; x_wconf 70' lang='lat' dir='ltr'>fid.</span> <span class='ocrx_word' id='word_1_473' title='bbox 1497 2586 1541 2609; x_wconf 90' lang='lat' dir='ltr'>zu</span> <span class='ocrx_word' id='word_1_474' title='bbox 1566 2585 1595 2610; x_wconf 85' lang='grc'>0,</span> <span class='ocrx_word' id='word_1_475' title='bbox 1616 2578 1673 2617; x_wconf 86' lang='grc'>37,</span> <span class='ocrx_word' id='word_1_476' title='bbox 1702 2579 1735 2609; x_wconf 89' lang='grc'>4.</span> 
     </span>
     <span class='ocr_line' id='line_1_78' title="bbox 994 2620 1736 2668; baseline -0.001 -11"><span class='ocrx_word' id='word_1_477' title='bbox 994 2642 1038 2647; x_wconf 90' lang='lat'>-—</span> <span class='ocrx_word' id='word_1_478' title='bbox 1054 2622 1196 2664; x_wconf 83' lang='lat' dir='ltr'>favisse.</span> <span class='ocrx_word' id='word_1_479' title='bbox 1229 2622 1450 2668; x_wconf 85' lang='lat' dir='ltr'>Abgesehen</span> <span class='ocrx_word' id='word_1_480' title='bbox 1471 2632 1542 2657; x_wconf 90' lang='lat' dir='ltr'>von</span> <span class='ocrx_word' id='word_1_481' title='bbox 1555 2620 1620 2655; x_wconf 87' lang='lat' dir='ltr'>der</span> <span class='ocrx_word' id='word_1_482' title='bbox 1633 2632 1736 2656; x_wconf 85' lang='lat' dir='ltr'>man·</span> 
     </span>
     <span class='ocr_line' id='line_1_79' title="bbox 994 2667 1737 2714; baseline -0.003 -10"><span class='ocrx_word' id='word_1_483' title='bbox 994 2669 1155 2713; x_wconf 87' lang='lat' dir='ltr'>gelnden</span> <span class='ocrx_word' id='word_1_484' title='bbox 1187 2668 1403 2714; x_wconf 83' lang='lat' dir='ltr'>Tapferkeit</span> <span class='ocrx_word' id='word_1_485' title='bbox 1433 2668 1594 2714; x_wconf 73' lang='lat' dir='ltr'>gebfihrt:</span> <span class='ocrx_word' id='word_1_486' title='bbox 1624 2667 1737 2702; x_wconf 88' lang='lat' dir='ltr'>ihnen</span> 
     </span>
     <span class='ocr_line' id='line_1_80' title="bbox 995 2714 1737 2760; baseline -0.001 -10"><span class='ocrx_word' id='word_1_487' title='bbox 995 2715 1099 2750; x_wconf 88' lang='lat' dir='ltr'>nicht</span> <span class='ocrx_word' id='word_1_488' title='bbox 1137 2715 1274 2751; x_wconf 88' lang='lat' dir='ltr'>einmal</span> <span class='ocrx_word' id='word_1_489' title='bbox 1312 2716 1377 2750; x_wconf 87' lang='lat' dir='ltr'>das</span> <span class='ocrx_word' id='word_1_490' title='bbox 1408 2714 1487 2750; x_wconf 91' lang='lat' dir='ltr'>Lob</span> <span class='ocrx_word' id='word_1_491' title='bbox 1521 2715 1587 2749; x_wconf 87' lang='lat' dir='ltr'>der</span> <span class='ocrx_word' id='word_1_492' title='bbox 1621 2715 1737 2760; x_wconf 84' lang='lat' dir='ltr'>guten</span> 
     </span>
     <span class='ocr_line' id='line_1_81' title="bbox 996 2761 1738 2808; baseline -0.001 -11"><span class='ocrx_word' id='word_1_493' title='bbox 996 2762 1227 2808; x_wconf 80' lang='lat' dir='ltr'>Gesinnung,</span> <span class='ocrx_word' id='word_1_494' title='bbox 1253 2762 1339 2797; x_wconf 88' lang='lat' dir='ltr'>weil</span> <span class='ocrx_word' id='word_1_495' title='bbox 1364 2761 1417 2796; x_wconf 83' lang='lat' dir='ltr'>sie</span> <span class='ocrx_word' id='word_1_496' title='bbox 1443 2762 1509 2796; x_wconf 84' lang='lat' dir='ltr'>das</span> <span class='ocrx_word' id='word_1_497' title='bbox 1538 2761 1738 2796; x_wconf 86' lang='lat' dir='ltr'>Vorhaben</span> 
     </span>
     <span class='ocr_line' id='line_1_82' title="bbox 995 2808 1736 2853; baseline -0.001 -10"><span class='ocrx_word' id='word_1_498' title='bbox 995 2810 1072 2844; x_wconf 78' lang='lat' dir='ltr'>sich</span> <span class='ocrx_word' id='word_1_499' title='bbox 1124 2809 1464 2853; x_wconf 84' lang='lat' dir='ltr'>durchzuschlagen</span> <span class='ocrx_word' id='word_1_500' title='bbox 1513 2808 1617 2843; x_wconf 88' lang='lat' dir='ltr'>nicht</span> <span class='ocrx_word' id='word_1_501' title='bbox 1666 2808 1736 2843; x_wconf 89' lang='lat' dir='ltr'>mit</span> 
     </span>
     <span class='ocr_line' id='line_1_83' title="bbox 998 2855 1738 2901; baseline -0.001 -11"><span class='ocrx_word' id='word_1_502' title='bbox 998 2855 1335 2901; x_wconf 68' lang='lat' dir='ltr'>Segenswtinschen</span> <span class='ocrx_word' id='word_1_503' title='bbox 1354 2855 1534 2900; x_wconf 83' lang='lat' dir='ltr'>begleitet</span> <span class='ocrx_word' id='word_1_504' title='bbox 1554 2856 1598 2900; x_wconf 89' lang='lat' dir='ltr'>(c.</span> <span class='ocrx_word' id='word_1_505' title='bbox 1614 2858 1670 2899; x_wconf 89' lang='lat'>50,</span> <span class='ocrx_word' id='word_1_506' title='bbox 1688 2856 1738 2900; x_wconf 90' lang='lat'>5),</span> 
     </span>
    </p>
   </div>
  </div>
 </body>
</html>
