1882 3163
136 130 163 149 a.
190 122 260 148 Chr.
285 123 344 147 213.

140 220 390 263 certaminis
430 234 501 261 eos
539 219 747 260 inritaret.

139 280 331 322 facinore
363 281 544 320 retenta.

607 110 753 146 LIBER
777 109 926 144 XXIIII.
953 108 1056 144 CAP.
1083 112 1138 143 39.
1166 112 1222 143 40.
1639 105 1694 147 67

807 218 868 258 ita
900 216 1056 258 Henna
1094 219 1168 259 aut
1205 216 1318 257 malo
1351 216 1425 256 aut
1455 215 1696 256 necessario
1723 225 1742 256 7

258 338 484 380 Marcellus
515 351 593 379 nec
624 336 785 377 factum
816 335 1064 389 inprobavit
1101 337 1142 376 et
1173 334 1375 389 praedam
1401 332 1699 375 Hennensium

140 398 349 440 militibus
383 397 592 439 concessit
622 397 742 436 ratus
768 395 923 436 timore
946 395 1173 435 deterritos
1194 407 1220 435 a
1240 393 1557 447 proditionibus
1577 406 1698 446 prae-

142 457 345 499 sidiorum
381 455 554 498 Siculos.

618 457 745 509 atque
784 468 833 494 ea
875 453 1032 505 clades,
1076 455 1124 494 ut
1155 452 1273 493 urbis
1306 452 1349 493 in
1382 452 1522 493 media
1555 450 1700 493 Sicilia
1725 462 1746 493 8

143 517 249 558 sitae
283 516 502 570 claraeque
534 514 602 555 vel
634 514 687 555 ob
719 513 934 568 insignem
960 512 1224 553 munimento
1251 511 1439 552 naturali
1466 511 1606 553 locum
1632 511 1700 552 vel

143 576 198 623 ob
233 577 400 616 sacrata
432 573 576 616 omnia
606 572 802 626 vestigiis
834 574 983 626 raptae
1005 570 1220 626 quondam
1240 569 1536 624 Proserpinae,
1567 584 1699 624 prope

139 649 225 676 uno
269 634 334 675 die
376 647 543 675 omnem
578 630 765 674 Siciliam
803 631 1002 686 pervasit.

1065 632 1106 671 et
1144 630 1244 684 quia
1275 629 1401 670 caede
1432 629 1606 670 infanda
1637 643 1700 670 re·
1726 641 1746 671 9

139 694 296 735 bantur
338 707 425 734 non
461 691 683 733 hominum
720 692 889 731 tantum
923 690 995 731 sed
1028 689 1156 730 etiam
1189 689 1364 730 deorum
1396 688 1536 729 sedem
1569 689 1697 730 viola-

139 755 229 794 tam
269 766 377 806 esse,
421 754 514 792 tum
546 765 645 792 vero
678 750 806 791 etiam
840 749 913 804 qui
946 751 1045 790 ante
1078 748 1195 790 dubii
1225 747 1396 788 fuerant
1427 747 1615 789 defecere
1648 747 1701 788 ad

139 811 318 853 Poenos.

378 809 667 864 Hippocrates
705 808 800 850 inde
840 808 1150 864 Murgantiam,
1193 806 1381 848 Himilco
1414 806 1700 861 Agrigentum
1728 818 1772 848 10

140 885 231 912 sese
262 870 443 924 recepit,
475 883 569 910 cum
602 868 726 910 acciti
759 883 783 909 a
813 868 1104 922 proditoribus
1135 867 1393 922 nequiquam
1427 866 1479 907 ad
1499 865 1700 907 Hennam

140 929 373 971 exercitum
420 928 723 970 admovissent.

796 927 1023 968 Marcellus
1068 929 1182 968 retro
1226 926 1270 967 in
1313 924 1547 967 Leontinos

139 989 434 1042 frumentoque
468 991 509 1028 et
541 987 847 1029 commeatibus
881 987 977 1028 aliis
1009 987 1053 1027 in
1086 988 1226 1027 castra
1254 985 1469 1027 convectis
1489 984 1700 1039 praesidio

140 1047 308 1089 modico
341 1047 403 1088 ibi
434 1046 585 1088 relicto
618 1046 671 1087 ad
692 1045 923 1101 Syracusas
957 1044 1213 1087 obsidendas
1246 1045 1375 1086 venit.

140 1105 318 1149 Claudio
351 1105 533 1147 Romam
566 1105 619 1147 ad
652 1105 920 1148 consulatum
958 1105 1188 1159 petendum
1219 1104 1351 1145 misso
1384 1103 1433 1145 T.
1454 1103 1700 1153 Quinctium

141 1164 388 1220 Crispinum
428 1165 473 1206 in
513 1165 601 1206 eius
639 1165 780 1206 locum
820 1164 944 1206 classi
977 1164 1215 1218 castrisque
1247 1163 1439 1217 praeficit
1468 1163 1700 1217 veteribus3

138 1225 229 1279 ipse
261 1225 540 1266 hibernacula
572 1224 757 1279 quinque
783 1224 903 1264 milia
928 1238 1132 1277 passuum
1159 1223 1209 1264 ab
1233 1222 1449 1277 hexapylo
1469 1247 1518 1251 —
1537 1221 1702 1263 Leonta
1729 1234 1771 1264 13

137 1286 295 1326 vocant
338 1284 480 1325 locum
525 1308 573 1312 —
618 1283 869 1325 communiit
913 1283 1246 1337 aedificavitque.

1319 1282 1423 1323 haec
1467 1282 1511 1322 in
1556 1280 1702 1323 Sicilia

139 1358 273 1398 usque
306 1343 358 1384 ad
390 1343 647 1397 principium
679 1342 832 1383 hiemis
867 1344 998 1398 gesta.

256 1401 419 1443 Eadem
464 1404 627 1443 aestate
673 1404 715 1442 et
758 1416 852 1443 cum
897 1401 1098 1455 Philippo
1142 1414 1260 1455 rege,
1312 1400 1424 1455 quod
1468 1400 1554 1441 iam
1599 1402 1698 1441 ante
1713 1401 1772 1443 40

140 1464 383 1516 suspectum
423 1461 580 1512 fuerat,
626 1463 790 1502 motum
821 1460 980 1502 bellum
1013 1463 1087 1501 est.

1149 1460 1280 1515 legati
1314 1460 1366 1500 ab
1400 1458 1524 1501 Orico
1559 1459 1610 1500 ad
1643 1458 1700 1501 M.
1728 1471 1748 1503 2

138 1520 359 1561 Valerium
403 1523 644 1574 praetorem
688 1523 913 1571 venerunt,
956 1519 1272 1573 praesidentem
1311 1519 1439 1560 classi
1470 1518 1699 1560 Brundisio

186 1617 216 1647 7.
233 1613 270 1647 in
277 1613 475 1647 necessario
490 1612 582 1657 liegt
595 1612 676 1646 eine
684 1612 880 1647 Entschul-

138 1659 278 1705 digung
293 1660 357 1694 der
374 1660 647 1695 scheusslichen
662 1660 771 1702 That,
786 1660 880 1694 doch

141 1707 238 1742 sieht
263 1719 360 1751 man,
387 1707 471 1742 dass
491 1707 570 1741 Liv.
598 1707 649 1741 sie
670 1707 883 1751 missbilligt

137 1755 282 1797 (malo);
313 1755 487 1799 fibrigens
514 1755 598 1799 sagt
623 1765 661 1788 er
686 1766 758 1789 von
783 1754 881 1789 Han-

136 1801 258 1836 nibals
283 1802 428 1845 Befehl,
466 1813 584 1836 omnes
610 1803 763 1845 puberes
788 1802 884 1836 nach

138 1849 202 1884 der
248 1848 452 1883 Einnahme
497 1848 656 1893 Sagunts
698 1848 884 1883 niederzu-

137 1897 276 1931 hauen:
313 1897 407 1940 quod
434 1897 622 1940 imperinm
649 1897 805 1938 crudele,
831 1907 881 1930 ee-

138 1947 251 1978 terum
280 1954 396 1987 prope
430 1944 669 1977 neeessariam
700 1945 881 1988 eoqnz'tum

137 1992 215 2035 ipso
241 1994 366 2024 eventu
391 1994 441 2025 est
467 1990 541 2033 (21,
570 1994 624 2033 14,
652 1994 697 2031 3).

186 2042 217 2073 8.
247 2042 284 2071 ut
304 2038 420 2082 urbis]
442 2041 483 2071 ut
503 2037 573 2072 den
594 2038 881 2082 begrfindenden

139 2085 320 2120 Umstand
354 2085 558 2130 anffigend,
591 2085 745 2120 deutsch
781 2085 879 2120 ‘als'.

180 2145 341 2189 pervasit
368 2145 500 2189 clades]
528 2144 708 2179 vielmehr
727 2144 792 2178 das
813 2144 880 2179 Ge-

136 2192 245 2226 riicht
270 2192 409 2235 davon,
435 2191 516 2226 eine
543 2191 594 2226 im
620 2191 752 2226 Latein
777 2192 882 2225 nicht

136 2239 275 2274 seltene
289 2238 531 2283 Verkt'irzung
557 2239 620 2273 des
634 2239 880 2273 Ausdruckes.

185 2290 216 2321 9.
243 2286 416 2331 infanda]
438 2286 505 2321 wie
527 2290 582 2329 38,
603 2290 635 2320 3.

187 2337 239 2368 11.
269 2334 375 2379 retro]
404 2346 431 2367 s.
459 2346 501 2367 zu
528 2337 584 2376 20,
611 2338 641 2368 3.

187 2385 240 2414 12.
267 2381 390 2425 misso]
417 2380 582 2414 militair.
605 2381 796 2416 Ausdruck
822 2381 882 2415 fiir

137 2428 342 2468 entlassem
370 2428 443 2471 vgl.
471 2430 490 2467 ξ
521 2432 534 2460 1
565 2428 714 2463 dimissi.

182 2474 374 2519 veteribus]
403 2474 468 2508 das
490 2475 610 2518 Lager
635 2475 734 2509 beim
755 2475 880 2520 Olym-

163 2534 250 2556 mm.

136 2535 159 2567 p
187 2573 239 2604 13.
265 2569 422 2613 Leonta]
454 2568 522 2602 mit
547 2567 684 2613 griech.
712 2569 880 2614 Endung.

183 2639 246 2676 40.
298 2639 435 2684 Krieg
485 2650 628 2683 gegen
679 2639 878 2684 Philipp.

139 2687 334 2722 Oricum
402 2686 520 2720 wird
587 2697 879 2730 genommen,

137 2734 385 2778 Apollonia
425 2735 641 2776 entsetzt,
684 2734 760 2767 der
796 2734 877 2768 Κῦ-

138 2782 216 2825 nig
241 2781 531 2826 geschlagen.

189 2844 218 2874 1.
245 2840 364 2874 eadem
390 2841 536 2885 aestate]
564 2840 597 2874 d.
626 2839 658 2875 J.
686 2843 771 2881 214,
797 2839 881 2874 weil

139 2886 216 2921 Liv.
238 2887 303 2921 das
323 2887 634 2931 Vorhergehende
655 2898 880 2921 zusammen-

952 1612 1126 1658 hangend
1141 1614 1248 1647 unter
1262 1612 1402 1646 diesem
1415 1611 1437 1646 J
1439 1611 1527 1646 ahre
1549 1611 1701 1648 erz'ahlt.

953 1661 1001 1695 M.
1041 1660 1210 1695 Valerius
1252 1659 1319 1694 hat
1358 1663 1418 1703 10,
1446 1664 1467 1693 4
1510 1659 1581 1693 den
1612 1659 1701 1693 Auf-

954 1710 1038 1753 trag
1065 1707 1233 1742 erhalten
1264 1708 1313 1741 ad
1337 1706 1583 1741 Brundisium
1617 1717 1702 1741 orae

954 1756 1159 1790 maritimae
1195 1755 1356 1788 intentus
1387 1755 1559 1789 adversus
1584 1765 1703 1789 omnes

955 1806 1071 1837 motus
1087 1802 1258 1845 Philippi
1276 1805 1477 1845 praeesset,·
1498 1802 1593 1846 jetzt
1611 1801 1702 1845 geht

958 1861 997 1884 er
1022 1850 1116 1884 nach
1131 1848 1403 1884 Griechenland
1423 1848 1589 1892 (Oricum
1610 1849 1702 1893 Iiegt

955 1908 1002 1930 an
1052 1897 1116 1931 der
1160 1896 1395 1940 Nordgrenze
1440 1907 1511 1930 von
1554 1896 1701 1941 Epirus)

955 1944 1121 1978 hinfiber.

1001 1991 1217 2036 suspectum]
1250 1991 1324 2036 vgl.
1352 1994 1408 2034 44,
1436 1996 1455 2025 6
1491 1991 1604 2025 multa
1636 1994 1701 2025 aut

954 2042 1049 2073 mota
1079 2042 1143 2073 aut
1168 2042 1332 2082 suspecta
1358 2039 1459 2073 bella.
1510 2038 1604 2072 Dem
1631 2038 1699 2072 Re-

953 2086 1125 2120 lativsatz
1174 2085 1483 2130 entsprcchender
1531 2089 1627 2120 ware
1678 2098 1701 2120 a

956 2134 1130 2177 Philippo
1162 2137 1295 2167 motum
1325 2137 1391 2175 est,
1424 2133 1598 2168 wahrend
1626 2145 1701 2167 nun

954 2181 1153 2225 cigentlieh
1187 2192 1210 2215 a
1235 2180 1413 2215 Romanis
1444 2193 1486 2214 zu
1519 2184 1700 2225 erganzen

954 2228 1012 2262 ist.
1064 2228 1120 2262 Da
1158 2228 1277 2262 dieser
1308 2228 1439 2262 Zusatz
1476 2228 1564 2262 aber
1595 2228 1700 2271 fehlt,

954 2286 992 2310 so
1024 2275 1155 2310 nahert
1187 2275 1264 2310 sich
1295 2279 1428 2310 motum
1460 2279 1509 2309 est
1534 2275 1616 2309 dem
1643 2286 1698 2309 or-

954 2326 1029 2357 tum
1067 2326 1115 2357 est
1142 2339 1185 2351 =
1218 2323 1319 2356 ‘kam
1357 2334 1437 2356 zum
1476 2322 1698 2356 Ausbruch².

955 2370 1123 2404 Genauer
1162 2370 1278 2404 heisst
1315 2381 1353 2404 es
1389 2369 1454 2413 33,
1495 2373 1556 2411 45,
1595 2372 1614 2403 5
1660 2369 1701 2403 id

954 2418 1312 2451 animadvertendum
1332 2427 1418 2458 esse,
1443 2417 1532 2460 quid
1547 2416 1699 2451 Cartha-

953 2465 1148 2509 9iniense3,
1185 2465 1218 2498 si
1253 2475 1332 2498 eam
1358 2464 1535 2497 Antiocho
1571 2464 1699 2497 bellam

953 2515 1085 2545 motum
1110 2512 1214 2554 soret,
1243 2512 1362 2545 acturi
1387 2514 1507 2545 essent.

1002 2563 1032 2592 2.
1057 2558 1272 2603 praetorem]
1303 2569 1474 2601 ungenau
1500 2558 1592 2592 statt
1612 2568 1698 2601 pro-

949 2609 1163 2649 praetorem,
1189 2606 1257 2639 wie
1284 2605 1339 2639 oft
1367 2605 1423 2639 bei
1448 2605 1526 2640 Liv.

994 2652 1215 2697 praesidere]
1244 2653 1292 2686 ist
1316 2652 1478 2687 militair.
1501 2652 1630 2686 Ausdr.
1653 2669 1696 2681 =

955 2699 1126 2734 ‘deckcn’
1156 2700 1376 2743 (schistam),
1407 2699 1479 2744 vgl.
1508 2699 1566 2742 23,
1593 2704 1649 2746 32,
1675 2704 1696 2733 2

954 2746 1007 2780 M.
1031 2746 1208 2781 Claudius
1233 2748 1281 2780 ad
1303 2758 1381 2781 eum
1407 2748 1610 2788 ewereitmn,
1627 2749 1698 2791 ‘qut

953 2806 1068 2837 snpra
1094 2794 1301 2828 Suessulam
1327 2794 1444 2828 Nolae
1463 2795 1696 2838 praesideret,

954 2852 1092 2875 oms-sus.

1002 2889 1122 2933 classi]
1150 2888 1198 2923 ist
1223 2889 1305 2924 Abl.
1332 2888 1404 2933 vgl.
1435 2893 1488 2930 10,
1516 2893 1546 2922 7.

1365 2946 1404 2981 5*

1592 925 1702 966 redit
1729 936 1771 967 11

1438 1045 1534 1086 inde
1555 1043 1698 1098 Appio
1727 1055 1769 1085 12
