1882 3163
136 134 168 153 ιε.
187 126 238 152 ch.
258 128 319 153 217.
685 115 828 151 LIBER
852 115 967 151 XXII.
1017 114 1118 152 CAP.
1146 120 1202 151 37.
1644 116 1699 157 57

141 225 292 267 tulisse
317 239 459 281 regem
478 225 724 277 Hieronem,
749 227 798 265 ut
823 224 942 265 nulla
968 238 1044 265 sua
1069 225 1244 278 propria
1268 225 1474 279 regnique
1495 225 1560 266 sui
1580 224 1699 266 clade

143 286 306 326 moveri
337 286 475 339 magis
506 283 706 338 potuerit.
751 283 914 337 itaque,
947 298 1206 338 quamquam
1232 284 1365 337 probe
1399 284 1505 326 sciat
1536 284 1699 338 magni·
1725 296 1746 327 3

141 344 335 386 tudinem
366 344 514 398 populi
551 342 736 384 Romani
774 341 1138 383 admirabiliorem
1176 357 1309 397 prope
1349 343 1538 385 adversis
1569 344 1698 384 rebus

140 417 267 457 quam
301 403 494 444 secundis
528 416 636 455 esse,
677 404 821 442 tamen
860 415 904 442 se
945 402 1110 454 omnia,
1148 401 1302 456 quibus
1342 417 1367 443 a
1397 403 1521 444 bonis
1561 402 1697 443 fideli·
1724 414 1746 445 4

141 461 305 516 busque
337 462 465 503 sociis
496 461 608 502 bella
646 460 783 501 iuvari
817 461 999 514 soleant,
1038 460 1224 513 misisse,
1264 475 1373 514 quae
1411 476 1463 502 ne
1503 462 1696 516 accipere

143 521 337 562 abnuant
361 533 518 575 magno
546 534 671 574 opere
692 534 736 560 se
762 522 908 573 patres
935 519 1203 573 conscriptos
1224 534 1356 561 orare.
1401 521 1484 561 iam
1506 521 1697 562 omnium
1726 534 1746 563 5

140 580 324 634 primum
365 579 518 621 ominis
557 593 686 620 causa
717 578 954 620 Victoriam
995 593 1167 619 auream
1203 578 1345 632 pondo
1384 579 1612 620 ducentum
1651 594 1700 621 ac

139 639 297 694 viginti
329 638 495 679 adferre
529 652 638 680 sese:
685 638 925 691 acciperent
963 652 1056 678 eam
1097 640 1375 691 tenerentque
1418 641 1460 679 et
1491 638 1701 680 haberent

139 698 358 751 propriam
379 701 422 739 et
442 700 704 752 perpetuam.
752 697 973 739 advexisse
1000 697 1129 738 etiam
1155 699 1351 738 trecenta
1372 698 1490 738 milia
1511 698 1700 739 modium
1727 712 1747 742 6

136 757 293 811 tritici,
335 756 516 798 ducenta
553 756 721 810 hordei,
765 771 818 797 ne
851 758 1112 797 commeatus
1153 756 1367 811 deessent,
1411 759 1454 797 et
1491 760 1700 811 quantum

141 818 365 870 praeterea
398 830 503 871 opus
538 818 666 871 esset,
700 830 783 870 quo
810 816 1048 870 iussissent,
1075 815 1364 857 subvecturos.
1408 816 1545 857 milite
1573 818 1699 870 atque
1727 830 1746 861 7

139 875 283 929 equite
316 875 424 916 scire
456 875 543 916 nisi
574 874 770 917 Romano
802 874 1029 930 Latinique
1061 874 1249 916 nominis
1286 889 1373 916 non
1405 875 1468 916 uti
1494 876 1700 929 populum

136 933 397 990 Romanum3
437 934 595 975 levium
637 949 855 976 armorum
894 934 1053 975 auxilia
1091 934 1220 975 etiam
1253 937 1429 975 externa
1465 935 1622 975 vidisse
1655 934 1700 975 in

134 993 287 1034 castris
320 992 550 1035 Romanis:
587 993 733 1048 itaque
772 993 942 1035 misisse
975 993 1092 1034 mille
1126 993 1447 1048 sagittariorum
1480 1008 1529 1035 ac
1558 993 1699 1034 fundi·
1726 1007 1746 1039 8

135 1055 296 1105 torum,
331 1056 476 1107 aptam
509 1067 683 1094 manum
716 1053 920 1094 adversus
952 1052 1148 1094 Baliares
1181 1067 1230 1094 ac
1261 1053 1436 1094 Mauros
1463 1067 1696 1108 pugnaces-

139 1125 219 1165 que
259 1111 365 1152 alias
398 1112 554 1153 missili
591 1112 677 1153 telo
718 1115 880 1167 gentes.
943 1112 993 1153 ad
1034 1127 1083 1153 ea
1122 1112 1234 1153 dona
1266 1112 1492 1153 consilium
1526 1126 1694 1166 quoque
1723 1127 1743 1158 9

136 1169 369 1222 addebant,
408 1174 456 1211 ut
489 1173 677 1225 praetor,
710 1172 776 1213 cui
814 1171 1034 1225 provincia
1070 1169 1216 1212 Sicilia
1248 1171 1478 1225 evenisset,
1511 1171 1695 1212 classem

136 1230 180 1270 in
213 1230 404 1271 Africam
436 1231 655 1283 traiceret,
693 1234 741 1272 ut
773 1233 815 1272 et
853 1230 999 1272 hostes
1037 1231 1082 1271 in
1113 1233 1228 1271 terra
1267 1245 1344 1271 sua
1374 1230 1535 1272 bellum
1567 1231 1695 1271 habe-

135 1291 248 1342 rent,
281 1289 506 1344 minusque
537 1290 771 1331 laxamenti
804 1290 978 1331 daretur
1003 1289 1056 1330 iis
1083 1289 1136 1330 ad
1163 1289 1322 1330 auxilia
1340 1289 1575 1331 Hannibali
1599 1290 1697 1331 sub-

136 1348 355 1389 mittenda.
418 1348 471 1389 ab
517 1351 667 1390 senatu
706 1349 766 1390 ita
804 1357 1057 1403 responsum
1097 1349 1188 1403 regi
1227 1352 1309 1402 est,
1353 1349 1491 1390 virum
1538 1350 1699 1390 bonum
1727 1366 1770 1397 10

136 1408 438 1462 egregiumque
471 1407 634 1449 socium
666 1407 902 1450 Hieronem
934 1422 1025 1449 esse
1059 1410 1186 1462 atque
1219 1422 1305 1449 uno
1338 1410 1499 1463 tenore,
1533 1423 1583 1450 ex
1614 1423 1696 1463 quo

135 1466 180 1507 in
213 1466 445 1507 amicitiam
483 1467 631 1521 populi
669 1466 854 1509 Romani
892 1468 1072 1521 venerit,
1115 1467 1243 1508 fidem
1285 1467 1467 1508 coluisse
1512 1482 1560 1508 ac
1605 1481 1696 1508 rem

135 1524 375 1566 Romanam
403 1526 518 1567 omni
544 1529 737 1581 tempore
765 1541 811 1568 ac
838 1527 932 1568 loco
959 1526 1155 1568 munifice
1181 1526 1404 1567 adiuvisse.
1449 1527 1492 1567 id
1519 1527 1694 1581 perinde

134 1599 183 1626 ac
205 1584 377 1626 deberet
402 1588 573 1640 gratum
600 1586 758 1640 populo
785 1585 981 1627 Romano
1009 1600 1111 1627 esse.
1153 1601 1302 1627 aurum
1324 1587 1367 1627 et
1394 1600 1419 1627 a
1445 1585 1693 1628 civitatibus
1726 1603 1766 1634 11

953 1713 1092 1758 spicere
1120 1715 1268 1758 oportet
1292 1714 1331 1748 in
1356 1725 1469 1758 pace,
1496 1715 1595 1758 quod
1622 1715 1697 1749 bel-

952 1761 1029 1795 lum
1055 1761 1169 1797 iuvet.

136 1702 179 1746 z'u
204 1723 382 1747 concusso
410 1725 437 1748 c.
465 1717 527 1757 34,
561 1717 592 1747 2.
629 1734 670 1739 —-
703 1725 772 1748 sua
791 1725 878 1758 pro-

130 1760 231 1803 pria,
257 1759 478 1804 Ρ616ὅ1111611,
505 1761 630 1794 indem
656 1761 767 1796 Hiero
795 1762 879 1796 dem

134 1806 340 1840 Flaminius
372 1807 737 1852 gegeniibergestellt
775 1809 879 1853 wird,

136 1854 205 1887 wie
250 1865 403 1898 regnum
448 1855 524 1889 und
569 1855 771 1897 exercitus,
823 1860 879 1898 27,

135 1905 197 1944 38,
225 1905 255 1935 7.

184 1952 215 1982 3.
242 1952 274 1982 4.
301 1948 414 1992 probe
444 1959 490 1982 sc.
518 1959 546 1982 6.
578 1953 632 1990 15,
668 1953 696 1983 1.
732 1970 775 1974 —
814 1950 879 1984 ad-

135 1996 245 2030 versis
276 1996 398 2037 rebus,
442 1994 565 2030 indem
605 1996 670 2030 das
704 1997 881 2041 Adjektiv

138 2042 208 2077 wie
235 2042 294 2077 ein
320 2042 483 2087 Particip
507 2042 558 2077 im
579 2043 661 2077 Abl.
684 2043 797 2079 absol.
818 2044 880 2079 be-

139 2089 292 2124 handelt
316 2090 365 2124 ist
392 2094 446 2133 30,
477 2095 529 2133 12,
558 2094 588 2132 6,
620 2091 795 2125 wahrend
821 2091 881 2126 bei

140 2135 390 2182 eigentlichen
417 2137 498 2182 Adj.
528 2138 623 2172 oster
656 2138 714 2172 die
742 2139 878 2183 Pr‘apo-

139 2184 248 2218 sition
274 2185 312 2218 in
339 2184 500 2227 eintritt,
534 2185 570 2218 in
603 2184 712 2219 rebus
745 2185 878 2228 dubiis,

133 2231 306 2275 trepidis,
347 2231 505 2276 asperis,
543 2232 747 2277 prosperis;
785 2233 879 2268 doch

135 2278 265 2313 bindet
303 2278 381 2313 sich
419 2280 458 2314 L.
499 2291 545 2314 an
586 2280 693 2313 keine
732 2282 880 2325 strenge

136 2326 263 2371 Regel.
307 2325 509 2370 Vg1.e.27,
534 2331 549 2360 1
573 2327 641 2361 mit
661 2331 717 2371 30,
739 2332 794 2371 30,
820 2332 880 2371 16;

133 2376 190 2416 23,
220 2377 273 2415 12,
303 2377 320 2407 7
349 2373 417 2408 mit
442 2377 498 2416 28,
527 2377 587 2416 19,
615 2377 653 2417 23
686 2375 759 2409 und
787 2374 880 2410 oben

136 2432 164 2455 c.
194 2424 249 2462 2-2,
280 2424 332 2454 19.
360 2424 416 2463 27,
444 2425 474 2454 3.
497 2424 553 2462 39,
583 2425 634 2455 12.
672 2442 709 2446 »-
739 2432 774 2456 se
801 2452 806 2457 .
837 2450 843 2456 .
874 2451 879 2456 .

134 2468 288 2510 misisse,
320 2468 403 2502 weil
420 2468 484 2501 der
499 2467 646 2501 Redner
666 2467 715 2502 im
737 2468 881 2504 Namen

136 2515 267 2549 Hieros
302 2514 450 2558 spricht.
486 2535 528 2539 —
569 2516 671 2549 bonis
698 2517 758 2558 fid.
792 2517 879 2550 h‘au-

136 2562 228 2606 figer
252 2562 360 2597 fortis
387 2573 430 2596 ac
456 2561 575 2596 fidelis
604 2572 673 2596 von
694 2563 764 2596 den
785 2563 879 2597 Bun-

136 2609 400 2654 desgenossen,
433 2620 463 2644 6.
497 2613 558 2652 60,
585 2613 641 2643 20.
682 2612 737 2651 21,
764 2614 820 2653 44,
847 2614 879 2644 2.

135 2660 192 2698 23,
221 2660 275 2700 16,
307 2661 342 2699 l;
369 2657 464 2691 doch
490 2655 540 2690 ist
565 2656 624 2690 die
652 2659 729 2690 16111
774 2657 878 2692 forti-

136 2703 226 2738 tudo
266 2703 379 2739 schon
418 2703 478 2738 bei
523 2703 650 2738 Cicero
696 2703 751 2738 oft
795 2704 879 2738 dem

137 2751 391 2795 griechischen
419 2748 568 2795 ἀγαθός
588 2750 791 2795 gewichen,
811 2752 880 2787 wie

135 2797 171 2831 in
193 2797 326 2832 Caecil.
349 2802 367 2840 ξ
392 2802 432 2831 12
464 2797 688 2842 optimorum
711 2798 879 2833 fidelissi-

137 2855 350 2888 morumque
378 2845 570 2880 sociorum.
621 2846 670 2878 Zu
692 2849 753 2887 21,
780 2850 818 2889 4,
846 2850 877 2880 4.

138 2911 179 2915 —
216 2892 356 2935 iuvari,
389 2892 520 2926 Publil.
556 2893 667 2935 Syrus
694 2896 762 2927 465
796 2904 877 2937 pro—

1000 1835 1103 1866 5-7.
1131 1832 1274 1874 adferre
1292 1843 1372 1875 sese,
1395 1831 1454 1866 die
1469 1832 1696 1876 Gesandten;

954 1879 1088 1913 ebenso
1115 1879 1306 1914 advexisse
1334 1879 1409 1913 und
1445 1879 1698 1923 subvecturos,

954 1926 1129 1960 wahrend
1156 1926 1226 1960 mit
1252 1929 1270 1967 ξ
1294 1930 1312 1960 7
1347 1926 1412 1960 der
1436 1926 1583 1961 Redner
1610 1927 1696 1961 wie-

954 1972 1019 2007 der
1044 1973 1081 2007 in
1109 1973 1167 2008 die
1194 1975 1289 2007 erste
1312 1973 1416 2008 [tolle
1437 1974 1630 2018 sibergeht.
1655 1996 1695 1999 ——

954 2020 1131 2063 Romano,
1170 2032 1213 2054 zu
1245 2031 1273 2054 c.
1303 2024 1364 2064 32,
1398 2025 1428 2054 7.
1466 2042 1505 2045 —
1539 2023 1697 2065 auxilia,

955 2079 993 2101 so
1014 2066 1165 2110 Gallier,
1186 2079 1281 2103 nam.
1304 2068 1362 2101 die
1379 2067 1624 2112 Cenomanen,
1640 2073 1696 2112 21,

953 2119 1008 2157 48,
1034 2120 1049 2149 1
1072 2115 1147 2149 und
1168 2119 1224 2158 55,
1245 2119 1277 2157 4,
1303 2115 1501 2160 Hispanier
1521 2120 1577 2159 21,
1599 2120 1653 2160 60,
1676 2121 1696 2151 4

955 2162 1027 2196 und
1056 2162 1197 2197 Siculer
1224 2166 1279 2205 24,
1308 2167 1363 2206 30,
1393 2167 1447 2198 13.

1000 2237 1126 2268 8—10.
1153 2234 1261 2276 mille,
1281 2233 1377 2268 nach
1398 2232 1462 2268 Sil.
1484 2233 1566 2269 Ital.
1581 2238 1612 2277 8,
1629 2239 1697 2270 615

954 2284 1063 2324 300ος
1103 2291 1232 2325 wegen
1267 2281 1332 2314 der
1364 2280 1634 2317 Konstruktion
1667 2294 1695 2317 6.

955 2332 1010 2370 31,
1038 2331 1069 2362 5.
1098 2349 1138 2352 ——
1167 2329 1409 2370 funditorum,
1435 2328 1575 2363 welche
1594 2330 1695 2364 Waf-

953 2375 1178 2420 fengattung
1193 2386 1263 2410 von
1280 2375 1374 2420 jetzt
1393 2387 1439 2410 an
1459 2376 1564 2410 nicht
1580 2378 1697 2411 selten

953 2422 991 2456 in
1019 2425 1089 2457 den
1121 2427 1210 2457 rom.
1248 2422 1391 2457 Heeren
1417 2424 1602 2457 vertreten
1635 2423 1696 2468 ist,

954 2473 1010 2511 27,
1032 2474 1087 2513 38,
1117 2474 1169 2504 12.
1200 2490 1240 2494 —
1269 2480 1452 2514 puqnaces
1477 2470 1612 2504 driickt
1636 2471 1695 2505 die

953 2516 1064 2551 Liebe
1091 2517 1155 2551 der
1181 2517 1351 2550 Baliaren
1382 2529 1425 2550 zu
1452 2517 1550 2550 ihrer
1575 2517 1696 2552 Waffe

954 2564 1027 2597 und
1060 2563 1119 2597 ihr
1144 2563 1326 2597 Geschick
1359 2564 1397 2597 in
1430 2564 1494 2597 der
1523 2564 1696 2610 Fiihrung

953 2611 1145 2645 derselben
1182 2622 1264 2653 aus,
1298 2622 1339 2643 zu
1372 2615 1434 2653 21,
1466 2614 1527 2653 21,
1565 2615 1616 2648 12.
1652 2633 1693 2638 —

952 2658 1151 2692 laxamenti
1180 2661 1234 2701 10,
1261 2662 1316 2700 39,
1337 2662 1368 2691 9.
1399 2678 1439 2682 -—
1467 2670 1539 2693 uno
1566 2662 1695 2702 tunore,

953 2704 1145 2738 archaisch
1167 2705 1351 2745 continue,
1379 2716 1406 2739 c.
1429 2709 1486 2748 47,
1508 2710 1539 2739 6.
1561 2710 1616 2749 23,
1637 2711 1695 2750 49,

952 2757 989 2793 3;
1017 2752 1108 2786 auch
1137 2752 1285 2795 eodem,
1313 2753 1478 2796 aequali,
1515 2755 1693 2798 perpetuo

952 2801 1078 2833 tenore
1099 2810 1127 2833 6.
1154 2803 1206 2842 15,
1230 2804 1258 2833 1.
1277 2820 1317 2823 -
1339 2811 1382 2833 esc
1408 2811 1488 2843 quo,
1519 2801 1590 2835 seit
1610 2801 1694 2836 dem

952 2846 1100 2889 Anfang
1126 2847 1189 2880 des
1216 2850 1336 2880 ersten
1362 2847 1562 2891 punischen
1590 2848 1692 2884 Krie-

952 2905 1027 2937 ges,
1058 2893 1131 2928 Pol.
1161 2898 1191 2936 1,
1216 2898 1268 2935 16,
1296 2898 1316 2928 8
1343 2895 1416 2928 und
1443 2907 1485 2928 zu
1506 2899 1561 2938 21,
1583 2899 1638 2937 50,
1660 2901 1691 2930 9.
