1882 3163
167 207 222 249 29

239 109 295 151 60
768 106 913 141 LIBER
938 105 1049 141 xxv.
1089 104 1189 141 CAP.
1216 110 1271 142 29.

359 204 561 246 Omnium
594 203 760 259 ingenti
793 204 975 245 adsensu
1008 203 1153 245 audita
1185 217 1234 244 ea
1267 203 1405 245 oratio
1439 205 1516 245 est.

1589 123 1614 142 a.
1635 123 1664 143 u.
1686 123 1710 142 e.
1733 116 1794 143 542.

1576 206 1793 258 praetores

242 267 387 306 tamen
417 264 538 319 prius
570 263 704 306 creari
731 277 857 317 quam
882 263 1049 318 legatos
1074 262 1287 304 nominari
1312 262 1485 317 placuit.
1536 263 1795 318 exipsorum

193 336 212 366 2
241 323 391 364 deinde
422 324 668 377 praetorum
699 336 876 364 numero
915 322 1035 363 missi
1074 324 1265 363 oratores
1304 321 1356 362 ad
1388 321 1654 377 Marcellum,
1693 337 1795 377 quo-

239 397 334 423 rum
366 383 562 436 princeps
605 381 756 436 eneque
794 380 948 436 primo'
987 381 1128 436 inquit
1160 379 1431 435 ‘Syracusani
1469 395 1494 422 a
1529 381 1649 423 vobis
1683 381 1794 423 defe-

239 441 385 495 cimus,
419 441 492 483 sed
521 440 825 496 Hieronymus,
856 455 1126 496 nequaquam
1157 442 1246 481 tam
1278 440 1323 481 in
1355 454 1431 481 vos
1465 440 1635 494 impius,
1667 455 1793 494 quam

191 512 211 542 3
238 500 284 541 in
315 515 411 555 nos,
449 514 527 543 nec
564 502 716 555 postea
754 514 902 554 pacem
934 499 1111 554 tyranni
1143 499 1270 541 caede
1302 500 1582 553 compositam
1617 498 1796 553 Syracu-

240 574 370 601 sanus
403 560 649 615 quisquam,
681 559 754 601 sed
791 559 997 601 satellites
1029 558 1136 613 regii
1167 558 1452 613 Hippocrates
1485 560 1611 614 atque
1642 558 1796 614 Epicy-

238 619 311 660 des
345 619 560 674 oppressis
592 619 719 661 nobis
751 618 851 660 hinc
882 621 1020 673 metu,
1051 618 1151 659 hinc
1182 617 1331 659 fraude
1362 617 1657 659 turbaverunt.

1716 633 1796 660 116ss

239 678 464 733 quisquam
492 678 628 719 dicere
654 680 798 732 potest
823 677 1054 732 aliquando
1079 677 1204 719 nobis
1231 677 1444 718 libertatis
1463 679 1632 732 tempus
1652 677 1796 728 fuisse,

191 749 214 779 4
239 737 352 792 quod
384 737 500 792 pacis
533 737 753 779 vobiscum
785 752 870 778 non
901 736 1044 778 fuerit.
1093 750 1207 778 nunc
1239 738 1351 778 certe
1384 736 1511 777 caede
1543 751 1700 790 eorum,
1726 737 1797 790 qui

242 811 470 851 oppressas
502 796 708 838 tenebant
728 795 977 850 Syracusas,
1009 810 1105 837 cum
1130 796 1315 849 primum
1346 796 1483 837 nostri
1511 795 1677 837 arbitrii
1703 810 1796 837 esse

242 856 477 910 coepimus,
511 855 723 909 extemplo
755 855 948 896 venimus
982 854 1035 896 ad
1065 855 1272 895 tradenda
1298 869 1428 909 arma,
1460 854 1672 896 dedendos
1704 869 1799 910 nos,

238 915 407 969 urbem,
448 915 631 968 moenia,
664 915 827 955 nullam
863 913 1144 955 recusandam
1180 913 1417 968 fortunam,
1456 928 1563 968 quae
1594 914 1798 968 imposita

193 985 213 1016 5
241 989 265 1016 a
297 975 419 1016 vobis
460 973 598 1015 fuerit.

668 973 852 1028 gloriam
884 975 1033 1027 captae
1073 972 1366 1014 nobilissimae
1404 972 1798 1027 pulcherrimaeque

239 1033 358 1074 urbis
379 1033 637 1074 Graecarum
658 1032 725 1073 dei
749 1032 830 1074 tibi
861 1032 1079 1086 dederunt,
1098 1031 1310 1073 Marcelle.
1362 1031 1567 1086 quidquid
1595 1046 1797 1086 umquam

240 1095 354 1134 terra
390 1093 583 1147 marique
621 1091 944 1133 memorandum
983 1091 1213 1147 gessimus,
1251 1090 1292 1131 id
1331 1091 1395 1132 tui
1434 1090 1640 1144 triumphi
1671 1091 1798 1132 titulo

194 1164 213 1193 6
241 1151 416 1193 accedit.
464 1151 660 1192 famaene
687 1150 799 1192 credi
831 1151 950 1205 velis,
982 1153 1143 1205 quanta
1167 1150 1268 1191 urbs
1301 1164 1325 1190 a
1350 1152 1392 1191 te
1419 1151 1545 1205 capta
1571 1149 1638 1203 sit,
1671 1164 1799 1204 quam

240 1211 425 1265 posteris
457 1224 624 1265 quoque
657 1224 750 1251 eam
783 1209 1023 1264 spectaculo
1057 1224 1160 1264 esse,
1193 1224 1275 1263 quo
1308 1209 1499 1264 quisquis
1527 1211 1654 1263 terra,
1687 1209 1800 1263 quis-

242 1270 336 1324 quis
370 1270 480 1311 mari
512 1269 689 1324 venerit,
720 1283 832 1310 nunc
863 1271 1014 1311 nostra
1039 1270 1086 1311 cle
1110 1268 1445 1310 Atheniensibus
1473 1266 1800 1324 Carthaginien-

240 1329 441 1384 sibusque
472 1331 667 1382 tropaea,
704 1343 817 1370 nunc
855 1331 931 1370 tua
968 1328 1018 1370 de
1059 1328 1185 1369 nobis
1225 1327 1435 1382 ostendat,
1479 1328 1799 1382 incolumesque

241 1387 474 1443 Syracusas
505 1388 696 1429 familiae
728 1390 894 1429 vestrae
928 1388 1006 1429 sub
1046 1387 1244 1429 clientela
1281 1387 1467 1429 nominis
1500 1385 1799 1428 Marcellorum

240 1551 275 1595 6,
316 1555 370 1595 11,
398 1556 418 1586 6
449 1552 538 1586 vitio
571 1552 711 1597 ingenii
741 1551 922 1587 vehemens
953 1555 984 1586 et

239 1600 405 1644 inpotens
429 1599 504 1632 und
532 1598 596 1634 oft.

287 1646 348 1689 29,
370 1650 399 1680 1.
427 1646 627 1692 nominari]
648 1645 707 1679 fiir
726 1645 901 1679 ‘wahlen’
925 1657 984 1679 zu—

240 1692 375 1727 weilen
399 1704 473 1727 von
495 1693 574 1728 Liv.
601 1693 809 1738 gebraucht
832 1692 894 1727 bei
915 1693 983 1727 Ge-

241 1740 411 1784 sandten,
431 1740 492 1774 bei
513 1741 596 1775 (16111
615 1741 790 1784 Interrex,
811 1739 984 1775 Dictator

240 1788 315 1822 und
340 1787 520 1832 Magister
545 1787 722 1831 equitum.

287 1835 461 1881 oratores]
499 1834 581 1870 hier
612 1846 685 1870 von
718 1836 849 1881 leyatos
879 1834 986 1869 nicht

240 1882 501 1917 verschieden:
534 1882 857 1925 ‘Unterhandleff3
891 1882 985 1916 eben

242 1941 282 1964 so
309 1934 365 1973 31,
392 1934 423 1965 2.

289 1981 319 2012 3.
354 1977 474 2023 caede]
507 1977 567 2011 ein
600 1977 768 2011 causaler
799 1976 882 2011 Abl.
915 1976 984 2021 (‘in

240 2023 411 2068 Folge');
439 2025 532 2059 eben
558 2035 597 2059 so
625 2028 694 2067 §4
729 2029 785 2068 30,
807 2029 850 2059 10
876 2025 984 2068 trepi-

241 2072 386 2106 datione
411 2071 486 2105 und
516 2073 628 2106 sonst.

289 2119 533 2164 compositam]
574 2118 648 2163 vgl.
684 2118 749 2161 30,
783 2122 843 2161 40,
878 2122 920 2152 13
953 2119 986 2153 si

235 2176 317 2210 paoe
340 2176 419 2199 cam
441 2165 802 2211 Cartha-(finiensibus
822 2166 985 2210 componi

240 2213 435 2256 nequisset,
461 2214 502 2247 in
526 2212 695 2256 Africam
720 2214 894 2247 traiceret.

289 2260 373 2293 hinc
394 2288 400 2293 .
423 2287 430 2293 .
450 2259 550 2305 hinc]
575 2259 678 2293 ‘bald
700 2287 706 2293 .
723 2288 729 2294 .
750 2259 850 2301 bald,
870 2258 984 2293 theils

243 2334 250 2340 .
280 2336 286 2341 .
313 2306 456 2348 theils’,
491 2317 565 2340 von
596 2306 675 2340 Liv.
709 2306 748 2340 in
780 2306 840 2339 die
871 2305 986 2339 Prosa

243 2353 457 2398 eingeftihrt
483 2354 575 2388 statt
599 2354 684 2388 ltine
705 2381 711 2388 .
734 2381 741 2388 .
763 2354 856 2388 inde.

290 2401 397 2446 repsit]
426 2413 452 2435 s.
481 2413 523 2434 zu
553 2404 606 2444 18,
634 2405 665 2435 6.

292 2449 400 2494 metu]
418 2460 519 2493 quem
531 2449 744 2490 iniecerunt,
765 2446 840 2481 und
861 2457 900 2481 so
920 2447 984 2481 oft.

290 2497 406 2530 nostri
425 2496 587 2541 arbitrii]
607 2495 666 2529 ein
681 2494 884 2529 Genetivus
901 2505 985 2539 pos-

245 2542 422 2586 sessivus,
455 2543 520 2577 der
556 2543 634 2576 sich
666 2542 704 2576 in
736 2542 801 2576 der
831 2541 987 2576 Verbin-

245 2589 346 2634 dung
370 2589 440 2623 mit
464 2601 546 2633 6336,
572 2591 691 2633 facere
715 2589 790 2623 und
816 2590 896 2632 fleri
920 2589 986 2622 fin-

245 2637 320 2680 det,
346 2637 574 2671 namentlich
594 2638 749 2671 dictonis
771 2637 899 2679 facere,
919 2647 985 2681 po-

245 2685 382 2718 testatis
408 2684 483 2718 und
509 2685 658 2718 arbitrii
682 2695 771 2726 6336,
797 2695 824 2717 Ζ.
851 2683 891 2718 Β.
918 2684 989 2717 mei

246 2732 394 2765 arbitrii
423 2742 502 2765 sum,
538 2731 614 2764 ‘ich
646 2731 742 2765 habe
775 2730 841 2764 das
867 2730 989 2764 Recht

248 2776 312 2856 deil·
336 2777 711 2822 Selbstbestimmung
736 2777 828 2811 fiber
851 2777 987 2819 mich⁷3

247 2835 297 2867 Vg
315 2852 321 2859 .
350 2829 381 2866 7,
409 2829 439 2859 1.

296 2874 328 2904 5.
357 2873 412 2905 tui
437 2873 613 2916 triumphi
638 2872 758 2917 titulo]
786 2872 913 2906 titulus
938 2870 989 2904 ist

1059 1551 1119 1585 (116
1139 1550 1347 1584 Aufschrift
1366 1549 1433 1584 auf
1443 1549 1702 1593 Denkm‘alern,
1723 1549 1798 1583 Ah-

1056 1597 1277 1632 nenbildem
1295 1609 1329 1632 u.
1346 1608 1395 1640 a.;
1417 1597 1456 1631 in
1469 1596 1712 1641 Verbindung
1730 1596 1800 1631 mit

1057 1645 1178 1679 einem
1193 1644 1281 1679 Gen.
1297 1644 1348 1679 ist
1365 1655 1402 1679 es
1420 1643 1699 1688 ‘Verzeichnis’,
1714 1655 1742 1679 z,
1757 1643 1798 1679 B.

1056 1692 1116 1736 28,
1137 1696 1194 1736 46,
1216 1696 1259 1727 16
1285 1692 1482 1726 Hannibal
1506 1703 1611 1726 aram
1636 1691 1800 1726 condidit

1056 1741 1305 1784 dedicavitque
1331 1751 1410 1774 cam
1434 1740 1575 1784 inqenti
1599 1750 1719 1773 rerum
1742 1749 1799 1784 ye-

1055 1792 1193 1822 starum
1231 1788 1355 1830 titulo,
1395 1786 1547 1821 Punicis
1584 1785 1802 1830 Graecisque

1058 1835 1187 1869 litteris
1216 1835 1406 1878 insculpto.
1457 1833 1644 1867 Hiernach
1670 1833 1802 1877 besagt

1057 1892 1188 1916 unsere
1224 1881 1292 1915 St:
1330 1881 1430 1915 ‘dem
1455 1880 1692 1915 Verzeichnis
1725 1879 1801 1914 dei-

1056 1928 1434 1972 nerHeldenthaten',
1446 1927 1531 1962 frei:
1549 1928 1649 1962 ‘dem
1657 1927 1801 1962 Ruhme

1058 1975 1184 2010 deines
1210 1975 1420 2010 heri-lichen
1447 1975 1602 2020 Sieges'.

1105 2028 1136 2058 6.
1156 2024 1242 2058 velis
1263 2051 1270 2057 .
1287 2051 1293 2058 .
1313 2023 1436 2069 quam]
1453 2040 1496 2052 =
1512 2023 1618 2057 malis
1633 2049 1640 2056 .
1656 2050 1663 2056 .
1677 2033 1800 2066 quam,

1059 2071 1148 2105 oder
1174 2082 1211 2105 es
1237 2071 1287 2105 ist
1311 2070 1411 2104 beim
1437 2071 1560 2104 ersten
1580 2069 1713 2104 Gliecle
1732 2080 1798 2114 po-

1057 2120 1131 2152 tius
1145 2129 1187 2151 zu
1203 2121 1394 2162 erganzen.
1432 2117 1543 2151 Diese
1558 2117 1642 2151 (16111
1660 2115 1799 2160 griech.

1059 2164 1260 2211 βούλομαι.
1277 2193 1283 2200 .
1302 2162 1326 2208 ἤ
1346 2164 1634 2209 nachgebildete
1655 2163 1798 2197 Constr.

1057 2212 1174 2245 findet
1200 2211 1277 2245 sich
1304 2211 1399 2245 auch
1425 2212 1529 2245 sonst
1556 2210 1615 2244 bei
1642 2209 1708 2245 lat.
1735 2209 1800 2243 Hi-

1058 2258 1258 2300 stoi-ikern3
1285 2257 1359 2302 vgl.
1387 2258 1427 2301 3,
1455 2261 1510 2300 68,
1539 2261 1580 2292 11
1606 2258 1723 2291 malae
1747 2258 1800 2292 ret

1056 2317 1092 2341 36
1117 2317 1225 2350 quam
1250 2306 1390 2340 nullius
1414 2306 1520 2340 (laces
1545 2315 1616 2339 esse
1639 2305 1774 2339 volunt.

1104 2363 1173 2397 quo
1209 2352 1391 2397 quisquis]
1437 2352 1526 2386 kurz
1565 2352 1658 2386 statt
1697 2362 1800 2396 quae,

1057 2401 1218 2445 quisquis
1243 2410 1281 2434 eo
1303 2428 1309 2434 .
1332 2427 1339 2434 .

1105 2448 1147 2482 (16
1161 2447 1440 2482 Atheniensibus
1459 2446 1623 2492 tropaea]
1645 2445 1712 2479 das
1731 2456 1800 2478 nur

1057 2494 1139 2529 hier
1165 2494 1427 2529 erscheinende
1453 2498 1638 2538 tropaeum
1663 2491 1712 2526 ist
1730 2492 1801 2526 mit

1057 2543 1101 2577 (16
1127 2540 1358 2585 construiert,
1379 2540 1449 2575 wie
1470 2540 1503 2584 8,
1527 2545 1581 2584 12,
1602 2544 1623 2573 4
1647 2540 1800 2574 victoria

1058 2590 1101 2624 (le
1126 2593 1177 2624 tot
1202 2600 1245 2623 ac
1270 2592 1344 2623 tam
1363 2588 1571 2633 potentibus
1589 2587 1751 2631 populis.

1104 2637 1170 2670 sub
1208 2636 1387 2680 clientela]
1427 2635 1492 2668 das
1528 2631 1799 2667 unterworfene

1061 2682 1160 2717 Volk
1186 2682 1307 2717 erh'alt
1326 2682 1433 2716 einen
1451 2685 1628 2726 patronus
1647 2679 1686 2713 in
1704 2679 1800 2714 Rom

1060 2729 1135 2763 und
1163 2729 1263 2764 steht
1293 2740 1335 2763 zu
1368 2729 1506 2763 diesem
1538 2727 1575 2761 in
1608 2727 1708 2761 einer
1731 2727 1800 2762 Art

1061 2787 1133 2810 von
1154 2774 1545 2817 Clientenverh‘altnisg
1566 2773 1626 2808 die
1646 2773 1800 2808 Marcel-

1060 2823 1116 2858 ler
1141 2824 1229 2858 aber
1259 2834 1381 2857 waren
1414 2823 1538 2867 spater
1561 2820 1720 2855 Patrone
1747 2820 1799 2854 Si-

1063 2870 1204 2905 ciliens.
