<?xml version="1.0" encoding="UTF-8"?>
<!DOCTYPE html PUBLIC "-//W3C//DTD XHTML 1.0 Transitional//EN"
    "http://www.w3.org/TR/xhtml1/DTD/xhtml1-transitional.dtd">
<html xmlns="http://www.w3.org/1999/xhtml" xml:lang="en" lang="en">
 <head>
  <title>
</title>
<meta http-equiv="Content-Type" content="text/html;charset=utf-8" />
  <meta name='ocr-system' content='tesseract 3.04.00' />
  <meta name='ocr-capabilities' content='ocr_page ocr_carea ocr_par ocr_line ocrx_word'/>
</head>
<body>
  <div class='ocr_page' id='page_1' title='image "./aburbeconditalib21livyuoft_0223.png"; bbox 0 0 1882 3163; ppageno 0'>
   <div class='ocr_carea' id='block_1_1' title="bbox 116 89 1155 129">
    <p class='ocr_par' dir='ltr' id='par_1_1' title="bbox 116 89 1155 129">
     <span class='ocr_line' id='line_1_1' title="bbox 116 89 1155 129; baseline -0.004 0"><span class='ocrx_word' id='word_1_1' title='bbox 116 111 141 129; x_wconf 75' lang='lat' dir='ltr'><strong>a.</strong></span> <span class='ocrx_word' id='word_1_2' title='bbox 161 103 213 129; x_wconf 76' lang='lat' dir='ltr'><strong>ch.</strong></span> <span class='ocrx_word' id='word_1_3' title='bbox 235 103 296 128; x_wconf 82' lang='lat'>216.</span> <span class='ocrx_word' id='word_1_4' title='bbox 642 89 788 125; x_wconf 86' lang='lat' dir='ltr'>LIBER</span> <span class='ocrx_word' id='word_1_5' title='bbox 812 89 924 125; x_wconf 89' lang='lat' dir='ltr'>XXII.</span> <span class='ocrx_word' id='word_1_6' title='bbox 970 89 1072 125; x_wconf 90' lang='lat' dir='ltr'>CAP.</span> <span class='ocrx_word' id='word_1_7' title='bbox 1099 92 1155 125; x_wconf 85' lang='lat'><strong>39.</strong></span> 
     </span>
    </p>
   </div>
   <div class='ocr_carea' id='block_1_2' title="bbox 116 196 1761 1612">
    <p class='ocr_par' dir='ltr' id='par_1_2' title="bbox 116 196 1761 1612">
     <span class='ocr_line' id='line_1_2' title="bbox 116 196 1745 253; baseline -0.004 -10"><span class='ocrx_word' id='word_1_8' title='bbox 116 202 247 243; x_wconf 89' lang='lat' dir='ltr'><strong>tiores</strong></span> <span class='ocrx_word' id='word_1_9' title='bbox 280 200 593 243; x_wconf 77' lang='lat' dir='ltr'><strong>constantiores</strong></span> <span class='ocrx_word' id='word_1_10' title='bbox 624 213 702 240; x_wconf 91' lang='lat' dir='ltr'><strong>nos</strong></span> <span class='ocrx_word' id='word_1_11' title='bbox 734 200 904 252; x_wconf 90' lang='lat' dir='ltr'><strong>tempus</strong></span> <span class='ocrx_word' id='word_1_12' title='bbox 931 198 1103 253; x_wconf 84' lang='lat' dir='ltr'>diesque</span> <span class='ocrx_word' id='word_1_13' title='bbox 1128 197 1249 250; x_wconf 69' lang='lat' dir='ltr'><strong>facit,</strong></span> <span class='ocrx_word' id='word_1_14' title='bbox 1281 196 1502 238; x_wconf 86' lang='lat' dir='ltr'><strong>Hannibal</strong></span> <span class='ocrx_word' id='word_1_15' title='bbox 1526 198 1676 238; x_wconf 88' lang='lat' dir='ltr'><strong>contra</strong></span> <span class='ocrx_word' id='word_1_16' title='bbox 1703 205 1745 236; x_wconf 89' lang='lat'><strong>13</strong></span> 
     </span>
     <span class='ocr_line' id='line_1_3' title="bbox 116 256 1676 314; baseline -0.004 -12"><span class='ocrx_word' id='word_1_17' title='bbox 116 262 161 302; x_wconf 89' lang='lat' dir='ltr'><strong>in</strong></span> <span class='ocrx_word' id='word_1_18' title='bbox 193 260 346 314; x_wconf 87' lang='lat' dir='ltr'><strong>aliena,</strong></span> <span class='ocrx_word' id='word_1_19' title='bbox 377 260 422 300; x_wconf 91' lang='lat' dir='ltr'><strong>in</strong></span> <span class='ocrx_word' id='word_1_20' title='bbox 454 258 603 300; x_wconf 91' lang='lat' dir='ltr'><strong>hostili</strong></span> <span class='ocrx_word' id='word_1_21' title='bbox 635 260 702 299; x_wconf 85' lang='lat' dir='ltr'><strong>est</strong></span> <span class='ocrx_word' id='word_1_22' title='bbox 731 260 865 311; x_wconf 90' lang='lat' dir='ltr'><strong>terra,</strong></span> <span class='ocrx_word' id='word_1_23' title='bbox 897 257 1010 298; x_wconf 90' lang='lat' dir='ltr'><strong>inter</strong></span> <span class='ocrx_word' id='word_1_24' title='bbox 1042 257 1184 298; x_wconf 89' lang='lat' dir='ltr'><strong>omnia</strong></span> <span class='ocrx_word' id='word_1_25' title='bbox 1215 256 1390 297; x_wconf 88' lang='lat' dir='ltr'><strong>inimica</strong></span> <span class='ocrx_word' id='word_1_26' title='bbox 1421 256 1676 310; x_wconf 87' lang='lat' dir='ltr'><strong>infestaque,</strong></span> 
     </span>
     <span class='ocr_line' id='line_1_4' title="bbox 117 315 1678 374; baseline -0.004 -13"><span class='ocrx_word' id='word_1_27' title='bbox 117 320 269 374; x_wconf 90' lang='lat' dir='ltr'><strong>procul</strong></span> <span class='ocrx_word' id='word_1_28' title='bbox 295 319 348 360; x_wconf 91' lang='lat' dir='ltr'><strong>ab</strong></span> <span class='ocrx_word' id='word_1_29' title='bbox 375 319 500 360; x_wconf 93' lang='lat' dir='ltr'><strong>domo</strong></span> <span class='ocrx_word' id='word_1_30' title='bbox 528 318 581 358; x_wconf 92' lang='lat' dir='ltr'><strong>ab</strong></span> <span class='ocrx_word' id='word_1_31' title='bbox 608 317 767 371; x_wconf 70' lang='lat' dir='ltr'><strong>patria,</strong></span> <span class='ocrx_word' id='word_1_32' title='bbox 792 331 930 370; x_wconf 91' lang='lat' dir='ltr'><strong>neque</strong></span> <span class='ocrx_word' id='word_1_33' title='bbox 956 316 1022 356; x_wconf 92' lang='lat' dir='ltr'><strong>illi</strong></span> <span class='ocrx_word' id='word_1_34' title='bbox 1047 318 1163 357; x_wconf 88' lang='lat' dir='ltr'><strong>terra</strong></span> <span class='ocrx_word' id='word_1_35' title='bbox 1187 330 1325 369; x_wconf 91' lang='lat' dir='ltr'><strong>neque</strong></span> <span class='ocrx_word' id='word_1_36' title='bbox 1352 315 1460 356; x_wconf 90' lang='lat' dir='ltr'><strong>mari</strong></span> <span class='ocrx_word' id='word_1_37' title='bbox 1488 318 1553 356; x_wconf 90' lang='lat' dir='ltr'><strong>est</strong></span> <span class='ocrx_word' id='word_1_38' title='bbox 1577 329 1678 369; x_wconf 81' lang='lat' dir='ltr'><strong>pax3</strong></span> 
     </span>
     <span class='ocr_line' id='line_1_5' title="bbox 118 374 1751 429; baseline -0.004 -9"><span class='ocrx_word' id='word_1_39' title='bbox 118 379 264 420; x_wconf 88' lang='lat' dir='ltr'><strong>nullae</strong></span> <span class='ocrx_word' id='word_1_40' title='bbox 298 392 393 419; x_wconf 91' lang='lat' dir='ltr'><strong>eum</strong></span> <span class='ocrx_word' id='word_1_41' title='bbox 426 377 552 418; x_wconf 89' lang='lat' dir='ltr'><strong>urbes</strong></span> <span class='ocrx_word' id='word_1_42' title='bbox 592 376 825 429; x_wconf 84' lang='lat' dir='ltr'><strong>accipiunt,</strong></span> <span class='ocrx_word' id='word_1_43' title='bbox 862 375 981 416; x_wconf 86' lang='lat' dir='ltr'><strong>nulla</strong></span> <span class='ocrx_word' id='word_1_44' title='bbox 1019 375 1208 428; x_wconf 79' lang='lat' dir='ltr'><strong>moenia3</strong></span> <span class='ocrx_word' id='word_1_45' title='bbox 1247 374 1356 415; x_wconf 87' lang='lat' dir='ltr'>nihil</span> <span class='ocrx_word' id='word_1_46' title='bbox 1394 388 1573 428; x_wconf 83' lang='lat' dir='ltr'>usquam</span> <span class='ocrx_word' id='word_1_47' title='bbox 1612 374 1679 415; x_wconf 90' lang='lat' dir='ltr'><strong>sui</strong></span> <span class='ocrx_word' id='word_1_48' title='bbox 1706 382 1751 414; x_wconf 86' lang='lat'><strong>14</strong></span> 
     </span>
     <span class='ocr_line' id='line_1_6' title="bbox 118 433 1678 491; baseline -0.003 -12"><span class='ocrx_word' id='word_1_49' title='bbox 118 438 253 491; x_wconf 68' lang='lat' dir='ltr'><strong>videt,</strong></span> <span class='ocrx_word' id='word_1_50' title='bbox 291 438 335 478; x_wconf 88' lang='lat' dir='ltr'><strong>in</strong></span> <span class='ocrx_word' id='word_1_51' title='bbox 375 436 485 477; x_wconf 89' lang='lat' dir='ltr'><strong>diem</strong></span> <span class='ocrx_word' id='word_1_52' title='bbox 522 438 648 489; x_wconf 89' lang='lat' dir='ltr'><strong>rapto</strong></span> <span class='ocrx_word' id='word_1_53' title='bbox 682 434 805 488; x_wconf 82' lang='lat' dir='ltr'><strong>vivit3</strong></span> <span class='ocrx_word' id='word_1_54' title='bbox 843 436 1010 489; x_wconf 80' lang='lat' dir='ltr'><strong>partem</strong></span> <span class='ocrx_word' id='word_1_55' title='bbox 1043 434 1112 474; x_wconf 82' lang='lat' dir='ltr'><strong>vix</strong></span> <span class='ocrx_word' id='word_1_56' title='bbox 1143 434 1316 474; x_wconf 77' lang='lat' dir='ltr'>tertiam</span> <span class='ocrx_word' id='word_1_57' title='bbox 1349 433 1555 475; x_wconf 83' lang='lat' dir='ltr'><strong>exercitus</strong></span> <span class='ocrx_word' id='word_1_58' title='bbox 1588 434 1678 474; x_wconf 89' lang='lat' dir='ltr'><strong>eius</strong></span> 
     </span>
     <span class='ocr_line' id='line_1_7' title="bbox 118 492 1678 550; baseline -0.003 -12"><span class='ocrx_word' id='word_1_59' title='bbox 118 497 271 550; x_wconf 89' lang='lat' dir='ltr'><strong>habet,</strong></span> <span class='ocrx_word' id='word_1_60' title='bbox 303 510 428 550; x_wconf 90' lang='lat' dir='ltr'><strong>quem</strong></span> <span class='ocrx_word' id='word_1_61' title='bbox 454 494 663 536; x_wconf 88' lang='lat' dir='ltr'><strong>Hiberum</strong></span> <span class='ocrx_word' id='word_1_62' title='bbox 690 508 860 535; x_wconf 89' lang='lat' dir='ltr'><strong>amnem</strong></span> <span class='ocrx_word' id='word_1_63' title='bbox 884 493 1070 548; x_wconf 76' lang='lat' dir='ltr'><strong>traiecit,</strong></span> <span class='ocrx_word' id='word_1_64' title='bbox 1103 493 1246 546; x_wconf 84' lang='lat' dir='ltr'><strong>plures</strong></span> <span class='ocrx_word' id='word_1_65' title='bbox 1271 492 1384 534; x_wconf 85' lang='lat' dir='ltr'><strong>fame</strong></span> <span class='ocrx_word' id='word_1_66' title='bbox 1411 507 1540 546; x_wconf 89' lang='lat' dir='ltr'><strong>quam</strong></span> <span class='ocrx_word' id='word_1_67' title='bbox 1564 494 1678 533; x_wconf 83' lang='lat' dir='ltr'><strong>ferro</strong></span> 
     </span>
     <span class='ocr_line' id='line_1_8' title="bbox 121 551 1751 608; baseline -0.003 -11"><span class='ocrx_word' id='word_1_68' title='bbox 121 556 355 608; x_wconf 75' lang='lat' dir='ltr'><strong>absumpti,</strong></span> <span class='ocrx_word' id='word_1_69' title='bbox 386 568 463 595; x_wconf 88' lang='lat' dir='ltr'><strong>nec</strong></span> <span class='ocrx_word' id='word_1_70' title='bbox 494 554 561 594; x_wconf 89' lang='lat' dir='ltr'><strong>his</strong></span> <span class='ocrx_word' id='word_1_71' title='bbox 593 554 739 608; x_wconf 88' lang='lat' dir='ltr'><strong>paucis</strong></span> <span class='ocrx_word' id='word_1_72' title='bbox 772 554 857 594; x_wconf 91' lang='lat' dir='ltr'><strong>iam</strong></span> <span class='ocrx_word' id='word_1_73' title='bbox 890 553 1027 594; x_wconf 86' lang='lat' dir='ltr'><strong>victus</strong></span> <span class='ocrx_word' id='word_1_74' title='bbox 1055 551 1310 606; x_wconf 85' lang='lat' dir='ltr'><strong>suppeditat.</strong></span> <span class='ocrx_word' id='word_1_75' title='bbox 1366 551 1537 592; x_wconf 83' lang='lat' dir='ltr'><strong>dubitas</strong></span> <span class='ocrx_word' id='word_1_76' title='bbox 1564 565 1679 607; x_wconf 88' lang='lat' dir='ltr'><strong>ergo,</strong></span> <span class='ocrx_word' id='word_1_77' title='bbox 1707 561 1751 592; x_wconf 83' lang='lat'><strong>15</strong></span> 
     </span>
     <span class='ocr_line' id='line_1_9' title="bbox 121 611 1681 670; baseline -0.003 -14"><span class='ocrx_word' id='word_1_78' title='bbox 121 615 220 670; x_wconf 87' lang='lat' dir='ltr'><strong>quin</strong></span> <span class='ocrx_word' id='word_1_79' title='bbox 256 613 439 656; x_wconf 88' lang='lat' dir='ltr'><strong>sedendo</strong></span> <span class='ocrx_word' id='word_1_80' title='bbox 474 613 714 667; x_wconf 85' lang='lat' dir='ltr'><strong>superaturi</strong></span> <span class='ocrx_word' id='word_1_81' title='bbox 749 613 881 653; x_wconf 90' lang='lat' dir='ltr'><strong>simus</strong></span> <span class='ocrx_word' id='word_1_82' title='bbox 914 626 1031 665; x_wconf 91' lang='grc'><strong>611111,</strong></span> <span class='ocrx_word' id='word_1_83' title='bbox 1064 611 1135 666; x_wconf 89' lang='lat' dir='ltr'><strong>qui</strong></span> <span class='ocrx_word' id='word_1_84' title='bbox 1169 613 1364 652; x_wconf 84' lang='lat' dir='ltr'><strong>senescat</strong></span> <span class='ocrx_word' id='word_1_85' title='bbox 1389 611 1433 651; x_wconf 91' lang='lat' dir='ltr'><strong>in</strong></span> <span class='ocrx_word' id='word_1_86' title='bbox 1460 611 1562 665; x_wconf 91' lang='lat' dir='ltr'><strong>dies,</strong></span> <span class='ocrx_word' id='word_1_87' title='bbox 1592 625 1681 652; x_wconf 90' lang='lat' dir='ltr'><strong>non</strong></span> 
     </span>
     <span class='ocr_line' id='line_1_10' title="bbox 120 669 1751 726; baseline -0.002 -11"><span class='ocrx_word' id='word_1_88' title='bbox 120 676 402 725; x_wconf 76' lang='lat' dir='ltr'><strong>commeatus,</strong></span> <span class='ocrx_word' id='word_1_89' title='bbox 432 687 522 713; x_wconf 92' lang='lat' dir='ltr'><strong>non</strong></span> <span class='ocrx_word' id='word_1_90' title='bbox 553 673 913 726; x_wconf 89' lang='lat' dir='ltr'><strong>supplementum,</strong></span> <span class='ocrx_word' id='word_1_91' title='bbox 944 685 1031 712; x_wconf 89' lang='grc'><strong>1100</strong></span> <span class='ocrx_word' id='word_1_92' title='bbox 1062 670 1287 725; x_wconf 90' lang='lat' dir='ltr'><strong>pecuniam</strong></span> <span class='ocrx_word' id='word_1_93' title='bbox 1312 669 1499 711; x_wconf 82' lang='lat' dir='ltr'><strong>habeat?</strong></span> <span class='ocrx_word' id='word_1_94' title='bbox 1552 684 1680 724; x_wconf 87' lang='lat' dir='ltr'><strong>quam</strong></span> <span class='ocrx_word' id='word_1_95' title='bbox 1708 680 1751 712; x_wconf 82' lang='lat'><strong>16</strong></span> 
     </span>
     <span class='ocr_line' id='line_1_11' title="bbox 121 727 1680 787; baseline -0.003 -13"><span class='ocrx_word' id='word_1_96' title='bbox 121 732 192 774; x_wconf 90' lang='lat' dir='ltr'><strong>diu</strong></span> <span class='ocrx_word' id='word_1_97' title='bbox 218 747 296 787; x_wconf 86' lang='lat' dir='ltr'><strong>pro</strong></span> <span class='ocrx_word' id='word_1_98' title='bbox 323 730 534 785; x_wconf 85' lang='lat' dir='ltr'><strong>Gereonii,</strong></span> <span class='ocrx_word' id='word_1_99' title='bbox 559 731 726 773; x_wconf 83' lang='lat' dir='ltr'><strong>castelli</strong></span> <span class='ocrx_word' id='word_1_100' title='bbox 753 731 937 784; x_wconf 84' lang='lat' dir='ltr'><strong>Apuliae</strong></span> <span class='ocrx_word' id='word_1_101' title='bbox 963 730 1122 785; x_wconf 89' lang='lat' dir='ltr'><strong>inopis,</strong></span> <span class='ocrx_word' id='word_1_102' title='bbox 1154 732 1374 784; x_wconf 83' lang='lat' dir='ltr'><strong>tamquam</strong></span> <span class='ocrx_word' id='word_1_103' title='bbox 1400 743 1478 783; x_wconf 91' lang='lat' dir='ltr'><strong>pro</strong></span> <span class='ocrx_word' id='word_1_104' title='bbox 1503 727 1680 770; x_wconf 85' lang='lat' dir='ltr'><strong>Cartha-</strong></span> 
     </span>
     <span class='ocr_line' id='line_1_12' title="bbox 120 789 1682 847; baseline -0.002 -15"><span class='ocrx_word' id='word_1_105' title='bbox 120 792 232 847; x_wconf 83' lang='lat' dir='ltr'><strong>ginis</strong></span> <span class='ocrx_word' id='word_1_106' title='bbox 265 791 490 832; x_wconf 86' lang='lat' dir='ltr'><strong>moenibus</strong></span> <span class='ocrx_word' id='word_1_107' title='bbox 521 790 654 832; x_wconf 71' lang='lat' dir='ltr'><strong>sedet?</strong></span> <span class='ocrx_word' id='word_1_108' title='bbox 707 790 781 832; x_wconf 91' lang='lat' dir='ltr'><strong>sed</strong></span> <span class='ocrx_word' id='word_1_109' title='bbox 812 805 866 831; x_wconf 94' lang='lat' dir='ltr'><strong>ne</strong></span> <span class='ocrx_word' id='word_1_110' title='bbox 899 789 1101 831; x_wconf 87' lang='lat' dir='ltr'><strong>adversus</strong></span> <span class='ocrx_word' id='word_1_111' title='bbox 1132 791 1174 830; x_wconf 90' lang='lat' dir='ltr'><strong>te</strong></span> <span class='ocrx_word' id='word_1_112' title='bbox 1208 789 1377 843; x_wconf 89' lang='lat' dir='ltr'><strong>quidem</strong></span> <span class='ocrx_word' id='word_1_113' title='bbox 1410 789 1460 829; x_wconf 91' lang='lat' dir='ltr'><strong>de</strong></span> <span class='ocrx_word' id='word_1_114' title='bbox 1493 802 1560 829; x_wconf 88' lang='lat' dir='ltr'><strong>me</strong></span> <span class='ocrx_word' id='word_1_115' title='bbox 1593 789 1682 844; x_wconf 86' lang='lat' dir='ltr'><strong>glo-</strong></span> 
     </span>
     <span class='ocr_line' id='line_1_13' title="bbox 121 847 1752 904; baseline -0.002 -12"><span class='ocrx_word' id='word_1_116' title='bbox 121 851 284 892; x_wconf 87' lang='lat' dir='ltr'><strong>riabor:</strong></span> <span class='ocrx_word' id='word_1_117' title='bbox 317 849 522 892; x_wconf 85' lang='lat' dir='ltr'><strong>Servilius</strong></span> <span class='ocrx_word' id='word_1_118' title='bbox 556 853 683 904; x_wconf 85' lang='lat' dir='ltr'><strong>atque</strong></span> <span class='ocrx_word' id='word_1_119' title='bbox 716 849 896 903; x_wconf 83' lang='lat' dir='ltr'><strong>Atilius,</strong></span> <span class='ocrx_word' id='word_1_120' title='bbox 927 848 1112 903; x_wconf 82' lang='lat' dir='ltr'><strong>proximi</strong></span> <span class='ocrx_word' id='word_1_121' title='bbox 1143 847 1359 901; x_wconf 86' lang='grc'><strong>6011311163,</strong></span> <span class='ocrx_word' id='word_1_122' title='bbox 1397 847 1514 901; x_wconf 83' lang='grc'><strong>71(16,</strong></span> <span class='ocrx_word' id='word_1_123' title='bbox 1556 862 1682 902; x_wconf 90' lang='lat' dir='ltr'><strong>quem</strong></span> <span class='ocrx_word' id='word_1_124' title='bbox 1710 858 1752 889; x_wconf 82' lang='lat'><strong>17</strong></span> 
     </span>
     <span class='ocr_line' id='line_1_14' title="bbox 122 906 1683 960; baseline -0.003 -9"><span class='ocrx_word' id='word_1_125' title='bbox 122 910 174 952; x_wconf 89' lang='lat' dir='ltr'><strong>ad</strong></span> <span class='ocrx_word' id='word_1_126' title='bbox 206 909 380 951; x_wconf 87' lang='lat' dir='ltr'><strong>modum</strong></span> <span class='ocrx_word' id='word_1_127' title='bbox 414 924 510 951; x_wconf 92' lang='lat' dir='ltr'><strong>eum</strong></span> <span class='ocrx_word' id='word_1_128' title='bbox 541 909 750 950; x_wconf 87' lang='lat' dir='ltr'><strong>ludificati</strong></span> <span class='ocrx_word' id='word_1_129' title='bbox 792 909 890 950; x_wconf 89' lang='lat' dir='ltr'><strong>sint.</strong></span> <span class='ocrx_word' id='word_1_130' title='bbox 952 909 1058 949; x_wconf 88' lang='lat' dir='ltr'><strong>haec</strong></span> <span class='ocrx_word' id='word_1_131' title='bbox 1096 922 1181 949; x_wconf 91' lang='lat' dir='ltr'><strong>una</strong></span> <span class='ocrx_word' id='word_1_132' title='bbox 1222 908 1370 949; x_wconf 87' lang='lat' dir='ltr'><strong>salutis</strong></span> <span class='ocrx_word' id='word_1_133' title='bbox 1410 910 1475 948; x_wconf 90' lang='lat' dir='ltr'><strong>est</strong></span> <span class='ocrx_word' id='word_1_134' title='bbox 1512 907 1600 960; x_wconf 85' lang='lat' dir='ltr'><strong>via,</strong></span> <span class='ocrx_word' id='word_1_135' title='bbox 1637 906 1683 948; x_wconf 88' lang='lat' dir='ltr'><strong>L.</strong></span> 
     </span>
     <span class='ocr_line' id='line_1_15' title="bbox 121 966 1685 1023; baseline -0.003 -13"><span class='ocrx_word' id='word_1_136' title='bbox 121 968 272 1023; x_wconf 90' lang='lat' dir='ltr'><strong>Paule,</strong></span> <span class='ocrx_word' id='word_1_137' title='bbox 322 983 450 1023; x_wconf 87' lang='lat' dir='ltr'><strong>quam</strong></span> <span class='ocrx_word' id='word_1_138' title='bbox 495 968 711 1009; x_wconf 88' lang='lat' dir='ltr'><strong>difficilem</strong></span> <span class='ocrx_word' id='word_1_139' title='bbox 761 967 1047 1023; x_wconf 87' lang='lat' dir='ltr'><strong>infestamque</strong></span> <span class='ocrx_word' id='word_1_140' title='bbox 1088 968 1200 1008; x_wconf 86' lang='lat' dir='ltr'><strong>cives</strong></span> <span class='ocrx_word' id='word_1_141' title='bbox 1244 966 1324 1007; x_wconf 92' lang='lat' dir='ltr'><strong>tibi</strong></span> <span class='ocrx_word' id='word_1_142' title='bbox 1370 967 1510 1021; x_wconf 87' lang='lat' dir='ltr'><strong>magis</strong></span> <span class='ocrx_word' id='word_1_143' title='bbox 1556 981 1685 1020; x_wconf 89' lang='lat' dir='ltr'><strong>quam</strong></span> 
     </span>
     <span class='ocr_line' id='line_1_16' title="bbox 122 1026 1758 1082; baseline -0.001 -13"><span class='ocrx_word' id='word_1_144' title='bbox 122 1029 269 1070; x_wconf 90' lang='lat' dir='ltr'><strong>hostes</strong></span> <span class='ocrx_word' id='word_1_145' title='bbox 301 1027 470 1069; x_wconf 87' lang='lat' dir='ltr'><strong>facient.</strong></span> <span class='ocrx_word' id='word_1_146' title='bbox 533 1028 645 1069; x_wconf 89' lang='lat' dir='ltr'><strong>idem</strong></span> <span class='ocrx_word' id='word_1_147' title='bbox 678 1028 791 1068; x_wconf 89' lang='lat' dir='ltr'><strong>enim</strong></span> <span class='ocrx_word' id='word_1_148' title='bbox 829 1028 911 1080; x_wconf 88' lang='lat' dir='ltr'><strong>tui,</strong></span> <span class='ocrx_word' id='word_1_149' title='bbox 951 1027 1063 1082; x_wconf 92' lang='lat' dir='ltr'><strong>quod</strong></span> <span class='ocrx_word' id='word_1_150' title='bbox 1102 1027 1294 1068; x_wconf 90' lang='lat' dir='ltr'><strong>hostium</strong></span> <span class='ocrx_word' id='word_1_151' title='bbox 1332 1026 1490 1067; x_wconf 89' lang='lat' dir='ltr'><strong>milites</strong></span> <span class='ocrx_word' id='word_1_152' title='bbox 1523 1026 1758 1078; x_wconf 81' lang='lat' dir='ltr'><strong>volent318</strong></span> 
     </span>
     <span class='ocr_line' id='line_1_17' title="bbox 125 1085 1688 1141; baseline -0.002 -13"><span class='ocrx_word' id='word_1_153' title='bbox 125 1088 239 1128; x_wconf 89' lang='lat' dir='ltr'><strong>idem</strong></span> <span class='ocrx_word' id='word_1_154' title='bbox 259 1086 398 1128; x_wconf 89' lang='lat' dir='ltr'><strong>Varro</strong></span> <span class='ocrx_word' id='word_1_155' title='bbox 426 1087 575 1128; x_wconf 90' lang='lat' dir='ltr'><strong>consul</strong></span> <span class='ocrx_word' id='word_1_156' title='bbox 602 1086 840 1140; x_wconf 80' lang='lat' dir='ltr'><strong>Romanus,</strong></span> <span class='ocrx_word' id='word_1_157' title='bbox 868 1087 979 1141; x_wconf 92' lang='lat' dir='ltr'><strong>quod</strong></span> <span class='ocrx_word' id='word_1_158' title='bbox 1006 1085 1227 1127; x_wconf 87' lang='lat' dir='ltr'><strong>Hannibal</strong></span> <span class='ocrx_word' id='word_1_159' title='bbox 1254 1085 1424 1127; x_wconf 88' lang='lat' dir='ltr'><strong>Poenus</strong></span> <span class='ocrx_word' id='word_1_160' title='bbox 1451 1085 1688 1139; x_wconf 87' lang='lat' dir='ltr'><strong>imperator</strong></span> 
     </span>
     <span class='ocr_line' id='line_1_18' title="bbox 125 1145 1688 1200; baseline -0.002 -13"><span class='ocrx_word' id='word_1_161' title='bbox 125 1147 276 1200; x_wconf 88' lang='lat' dir='ltr'><strong>cupiet.</strong></span> <span class='ocrx_word' id='word_1_162' title='bbox 334 1146 497 1187; x_wconf 86' lang='lat' dir='ltr'><strong>duobus</strong></span> <span class='ocrx_word' id='word_1_163' title='bbox 531 1146 708 1187; x_wconf 90' lang='lat' dir='ltr'><strong>ducibus</strong></span> <span class='ocrx_word' id='word_1_164' title='bbox 741 1161 851 1187; x_wconf 92' lang='lat' dir='ltr'><strong>unus</strong></span> <span class='ocrx_word' id='word_1_165' title='bbox 884 1145 1062 1187; x_wconf 82' lang='lat' dir='ltr'><strong>resistas</strong></span> <span class='ocrx_word' id='word_1_166' title='bbox 1096 1147 1277 1199; x_wconf 85' lang='lat' dir='ltr'><strong>oportet.</strong></span> <span class='ocrx_word' id='word_1_167' title='bbox 1332 1145 1506 1186; x_wconf 88' lang='lat' dir='ltr'><strong>resistes</strong></span> <span class='ocrx_word' id='word_1_168' title='bbox 1534 1146 1688 1196; x_wconf 90' lang='lat' dir='ltr'><strong>autem,</strong></span> 
     </span>
     <span class='ocr_line' id='line_1_19' title="bbox 124 1203 1687 1260; baseline -0.002 -14"><span class='ocrx_word' id='word_1_169' title='bbox 124 1207 162 1247; x_wconf 80' lang='lat' dir='ltr'><strong>si</strong></span> <span class='ocrx_word' id='word_1_170' title='bbox 195 1205 396 1246; x_wconf 87' lang='lat' dir='ltr'><strong>adversus</strong></span> <span class='ocrx_word' id='word_1_171' title='bbox 428 1205 587 1246; x_wconf 86' lang='lat' dir='ltr'><strong>famam</strong></span> <span class='ocrx_word' id='word_1_172' title='bbox 619 1220 895 1260; x_wconf 88' lang='lat' dir='ltr'><strong>rumoresque</strong></span> <span class='ocrx_word' id='word_1_173' title='bbox 927 1205 1150 1246; x_wconf 89' lang='lat' dir='ltr'><strong>hominum</strong></span> <span class='ocrx_word' id='word_1_174' title='bbox 1185 1204 1289 1245; x_wconf 88' lang='lat' dir='ltr'><strong>satis</strong></span> <span class='ocrx_word' id='word_1_175' title='bbox 1320 1203 1469 1245; x_wconf 89' lang='lat' dir='ltr'><strong>firmus</strong></span> <span class='ocrx_word' id='word_1_176' title='bbox 1504 1203 1687 1256; x_wconf 88' lang='lat' dir='ltr'><strong>steteris,</strong></span> 
     </span>
     <span class='ocr_line' id='line_1_20' title="bbox 127 1262 1690 1319; baseline -0.003 -13"><span class='ocrx_word' id='word_1_177' title='bbox 127 1265 166 1306; x_wconf 89' lang='lat' dir='ltr'><strong>si</strong></span> <span class='ocrx_word' id='word_1_178' title='bbox 208 1267 250 1305; x_wconf 89' lang='lat' dir='ltr'><strong>te</strong></span> <span class='ocrx_word' id='word_1_179' title='bbox 295 1278 433 1318; x_wconf 86' lang='lat' dir='ltr'><strong>neque</strong></span> <span class='ocrx_word' id='word_1_180' title='bbox 472 1265 677 1319; x_wconf 83' lang='lat' dir='ltr'><strong>conlegae</strong></span> <span class='ocrx_word' id='word_1_181' title='bbox 721 1279 832 1306; x_wconf 88' lang='lat' dir='ltr'><strong>vana</strong></span> <span class='ocrx_word' id='word_1_182' title='bbox 876 1265 1014 1319; x_wconf 87' lang='lat' dir='ltr'><strong>gloria</strong></span> <span class='ocrx_word' id='word_1_183' title='bbox 1057 1278 1194 1318; x_wconf 86' lang='lat' dir='ltr'><strong>neque</strong></span> <span class='ocrx_word' id='word_1_184' title='bbox 1237 1266 1313 1305; x_wconf 89' lang='lat' dir='ltr'><strong>tua</strong></span> <span class='ocrx_word' id='word_1_185' title='bbox 1355 1263 1466 1304; x_wconf 87' lang='lat' dir='ltr'><strong>falsa</strong></span> <span class='ocrx_word' id='word_1_186' title='bbox 1509 1262 1690 1303; x_wconf 89' lang='lat' dir='ltr'><strong>infamia</strong></span> 
     </span>
     <span class='ocr_line' id='line_1_21' title="bbox 126 1322 1760 1377; baseline -0.001 -13"><span class='ocrx_word' id='word_1_187' title='bbox 126 1324 319 1365; x_wconf 89' lang='lat' dir='ltr'><strong>moverit.</strong></span> <span class='ocrx_word' id='word_1_188' title='bbox 376 1323 602 1365; x_wconf 87' lang='lat' dir='ltr'><strong>veritatem</strong></span> <span class='ocrx_word' id='word_1_189' title='bbox 634 1324 830 1365; x_wconf 87' lang='lat' dir='ltr'><strong>laborare</strong></span> <span class='ocrx_word' id='word_1_190' title='bbox 862 1324 990 1364; x_wconf 89' lang='lat' dir='ltr'><strong>nimis</strong></span> <span class='ocrx_word' id='word_1_191' title='bbox 1024 1337 1150 1376; x_wconf 89' lang='lat' dir='ltr'><strong>saepe</strong></span> <span class='ocrx_word' id='word_1_192' title='bbox 1177 1322 1317 1376; x_wconf 89' lang='lat' dir='ltr'><strong>aiunt,</strong></span> <span class='ocrx_word' id='word_1_193' title='bbox 1350 1322 1545 1377; x_wconf 79' lang='lat' dir='ltr'><strong>extingui</strong></span> <span class='ocrx_word' id='word_1_194' title='bbox 1570 1336 1689 1362; x_wconf 90' lang='lat' dir='ltr'><strong>num-</strong></span> <span class='ocrx_word' id='word_1_195' title='bbox 1718 1332 1760 1363; x_wconf 84' lang='lat'><strong>19</strong></span> 
     </span>
     <span class='ocr_line' id='line_1_22' title="bbox 129 1381 1761 1438; baseline 0 -15"><span class='ocrx_word' id='word_1_196' title='bbox 129 1397 276 1437; x_wconf 90' lang='lat' dir='ltr'><strong>quam:</strong></span> <span class='ocrx_word' id='word_1_197' title='bbox 301 1396 453 1424; x_wconf 77' lang='lat' dir='ltr'><strong>vanam</strong></span> <span class='ocrx_word' id='word_1_198' title='bbox 480 1383 663 1438; x_wconf 83' lang='lat' dir='ltr'><strong>gloriam</strong></span> <span class='ocrx_word' id='word_1_199' title='bbox 692 1383 764 1437; x_wconf 89' lang='lat' dir='ltr'><strong>qui</strong></span> <span class='ocrx_word' id='word_1_200' title='bbox 791 1383 1011 1436; x_wconf 85' lang='lat' dir='ltr'><strong>spreverit,</strong></span> <span class='ocrx_word' id='word_1_201' title='bbox 1036 1397 1181 1423; x_wconf 85' lang='lat' dir='ltr'><strong>veram</strong></span> <span class='ocrx_word' id='word_1_202' title='bbox 1207 1381 1395 1423; x_wconf 86' lang='lat' dir='ltr'><strong>habebit.</strong></span> <span class='ocrx_word' id='word_1_203' title='bbox 1448 1382 1552 1434; x_wconf 87' lang='lat' dir='ltr'><strong>sine,</strong></span> <span class='ocrx_word' id='word_1_204' title='bbox 1578 1381 1689 1421; x_wconf 90' lang='lat' dir='ltr'><strong>timi·</strong></span> <span class='ocrx_word' id='word_1_205' title='bbox 1716 1392 1761 1423; x_wconf 80' lang='lat'><strong>20</strong></span> 
     </span>
     <span class='ocr_line' id='line_1_23' title="bbox 128 1440 1690 1496; baseline -0.001 -13"><span class='ocrx_word' id='word_1_206' title='bbox 128 1442 228 1482; x_wconf 91' lang='lat' dir='ltr'><strong>dum</strong></span> <span class='ocrx_word' id='word_1_207' title='bbox 268 1456 346 1496; x_wconf 92' lang='lat' dir='ltr'><strong>pro</strong></span> <span class='ocrx_word' id='word_1_208' title='bbox 379 1446 523 1495; x_wconf 86' lang='lat' dir='ltr'><strong>cauto,</strong></span> <span class='ocrx_word' id='word_1_209' title='bbox 561 1442 732 1483; x_wconf 87' lang='lat' dir='ltr'><strong>tardum</strong></span> <span class='ocrx_word' id='word_1_210' title='bbox 770 1456 846 1496; x_wconf 91' lang='lat' dir='ltr'><strong>pro</strong></span> <span class='ocrx_word' id='word_1_211' title='bbox 881 1442 1169 1494; x_wconf 88' lang='lat' dir='ltr'><strong>considerato,</strong></span> <span class='ocrx_word' id='word_1_212' title='bbox 1209 1441 1409 1482; x_wconf 88' lang='lat' dir='ltr'><strong>inbellem</strong></span> <span class='ocrx_word' id='word_1_213' title='bbox 1441 1455 1519 1495; x_wconf 89' lang='lat' dir='ltr'><strong>pro</strong></span> <span class='ocrx_word' id='word_1_214' title='bbox 1551 1440 1690 1495; x_wconf 85' lang='lat' dir='ltr'><strong>perito</strong></span> 
     </span>
     <span class='ocr_line' id='line_1_24' title="bbox 128 1499 1692 1555; baseline -0.001 -13"><span class='ocrx_word' id='word_1_215' title='bbox 128 1501 233 1542; x_wconf 89' lang='lat' dir='ltr'><strong>belli</strong></span> <span class='ocrx_word' id='word_1_216' title='bbox 260 1505 423 1542; x_wconf 85' lang='lat' dir='ltr'><strong>vocent.</strong></span> <span class='ocrx_word' id='word_1_217' title='bbox 474 1502 606 1555; x_wconf 89' lang='lat' dir='ltr'><strong>malo,</strong></span> <span class='ocrx_word' id='word_1_218' title='bbox 631 1505 674 1543; x_wconf 89' lang='lat' dir='ltr'><strong>te</strong></span> <span class='ocrx_word' id='word_1_219' title='bbox 700 1502 870 1555; x_wconf 87' lang='lat' dir='ltr'><strong>sapiens</strong></span> <span class='ocrx_word' id='word_1_220' title='bbox 896 1501 1034 1542; x_wconf 88' lang='lat' dir='ltr'><strong>hostis</strong></span> <span class='ocrx_word' id='word_1_221' title='bbox 1061 1504 1242 1554; x_wconf 86' lang='lat' dir='ltr'><strong>metuat,</strong></span> <span class='ocrx_word' id='word_1_222' title='bbox 1276 1515 1405 1554; x_wconf 89' lang='lat' dir='ltr'><strong>quam</strong></span> <span class='ocrx_word' id='word_1_223' title='bbox 1431 1500 1553 1541; x_wconf 90' lang='lat' dir='ltr'><strong>stulti</strong></span> <span class='ocrx_word' id='word_1_224' title='bbox 1579 1499 1692 1540; x_wconf 87' lang='lat' dir='ltr'><strong>cives</strong></span> 
     </span>
     <span class='ocr_line' id='line_1_25' title="bbox 128 1559 1692 1612; baseline -0.001 -11"><span class='ocrx_word' id='word_1_225' title='bbox 128 1560 314 1602; x_wconf 89' lang='lat' dir='ltr'><strong>laudent.</strong></span> <span class='ocrx_word' id='word_1_226' title='bbox 377 1561 521 1601; x_wconf 88' lang='lat' dir='ltr'><strong>omnia</strong></span> <span class='ocrx_word' id='word_1_227' title='bbox 561 1561 791 1602; x_wconf 88' lang='lat' dir='ltr'><strong>audentem</strong></span> <span class='ocrx_word' id='word_1_228' title='bbox 829 1563 1074 1602; x_wconf 86' lang='lat' dir='ltr'><strong>contemnet</strong></span> <span class='ocrx_word' id='word_1_229' title='bbox 1112 1559 1348 1612; x_wconf 87' lang='lat' dir='ltr'><strong>Hannibal,</strong></span> <span class='ocrx_word' id='word_1_230' title='bbox 1385 1559 1495 1600; x_wconf 89' lang='lat' dir='ltr'><strong>nihil</strong></span> <span class='ocrx_word' id='word_1_231' title='bbox 1533 1561 1692 1600; x_wconf 88' lang='lat' dir='ltr'><strong>temere</strong></span> 
     </span>
    </p>
   </div>
   <div class='ocr_carea' id='block_1_3' title="bbox 131 1700 881 2264">
    <p class='ocr_par' dir='ltr' id='par_1_3' title="bbox 131 1700 873 1791">
     <span class='ocr_line' id='line_1_26' title="bbox 131 1700 873 1745; baseline -0.001 -9"><span class='ocrx_word' id='word_1_232' title='bbox 131 1700 201 1736; x_wconf 85' lang='lat' dir='ltr'><strong>erit</strong></span> <span class='ocrx_word' id='word_1_233' title='bbox 226 1700 301 1735; x_wconf 91' lang='lat' dir='ltr'><strong>und</strong></span> <span class='ocrx_word' id='word_1_234' title='bbox 329 1700 498 1745; x_wconf 90' lang='lat' dir='ltr'><strong>zugleich</strong></span> <span class='ocrx_word' id='word_1_235' title='bbox 535 1700 650 1735; x_wconf 90' lang='lat' dir='ltr'><strong>durch</strong></span> <span class='ocrx_word' id='word_1_236' title='bbox 677 1700 736 1735; x_wconf 91' lang='lat' dir='ltr'><strong>die</strong></span> <span class='ocrx_word' id='word_1_237' title='bbox 763 1700 873 1735; x_wconf 89' lang='lat' dir='ltr'><strong>Allit-</strong></span> 
     </span>
     <span class='ocr_line' id='line_1_27' title="bbox 131 1747 692 1791; baseline 0 -9"><span class='ocrx_word' id='word_1_238' title='bbox 131 1747 293 1782; x_wconf 83' lang='lat' dir='ltr'><strong>teration</strong></span> <span class='ocrx_word' id='word_1_239' title='bbox 319 1747 388 1781; x_wconf 88' lang='lat' dir='ltr'><strong>mit</strong></span> <span class='ocrx_word' id='word_1_240' title='bbox 413 1747 485 1782; x_wconf 86' lang='lat' dir='ltr'><strong>fuit</strong></span> <span class='ocrx_word' id='word_1_241' title='bbox 511 1747 692 1791; x_wconf 79' lang='lat' dir='ltr'><strong>gehoben.</strong></span> 
     </span>
    </p>

    <p class='ocr_par' dir='ltr' id='par_1_4' title="bbox 132 1795 881 2264">
     <span class='ocr_line' id='line_1_28' title="bbox 182 1795 876 1840; baseline 0.001 -12"><span class='ocrx_word' id='word_1_242' title='bbox 182 1798 330 1828; x_wconf 87' lang='lat'>11-14.</span> <span class='ocrx_word' id='word_1_243' title='bbox 350 1806 415 1829; x_wconf 74' lang='lat' dir='ltr'><strong>‘nos</strong></span> <span class='ocrx_word' id='word_1_244' title='bbox 436 1795 495 1829; x_wconf 90' lang='lat' dir='ltr'><strong>die</strong></span> <span class='ocrx_word' id='word_1_245' title='bbox 512 1795 646 1829; x_wconf 78' lang='lat' dir='ltr'><strong>Romer</strong></span> <span class='ocrx_word' id='word_1_246' title='bbox 666 1795 717 1829; x_wconf 89' lang='lat' dir='ltr'><strong>im</strong></span> <span class='ocrx_word' id='word_1_247' title='bbox 733 1795 876 1840; x_wconf 83' lang='lat' dir='ltr'><strong>Gegen-</strong></span> 
     </span>
     <span class='ocr_line' id='line_1_29' title="bbox 133 1841 876 1886; baseline 0 -10"><span class='ocrx_word' id='word_1_248' title='bbox 133 1845 233 1876; x_wconf 86' lang='lat' dir='ltr'><strong>satze</strong></span> <span class='ocrx_word' id='word_1_249' title='bbox 273 1853 317 1876; x_wconf 90' lang='lat' dir='ltr'><strong>zu</strong></span> <span class='ocrx_word' id='word_1_250' title='bbox 355 1842 424 1876; x_wconf 88' lang='lat' dir='ltr'><strong>den</strong></span> <span class='ocrx_word' id='word_1_251' title='bbox 457 1841 798 1886; x_wconf 85' lang='lat' dir='ltr'><strong>Bundesgenossen.</strong></span> <span class='ocrx_word' id='word_1_252' title='bbox 830 1862 876 1867; x_wconf 86' lang='lat'>—</span> 
     </span>
     <span class='ocr_line' id='line_1_30' title="bbox 132 1889 873 1924; baseline 0 -1"><span class='ocrx_word' id='word_1_253' title='bbox 132 1890 228 1923; x_wconf 71' lang='lat' dir='ltr'><strong>inter</strong></span> <span class='ocrx_word' id='word_1_254' title='bbox 254 1890 377 1923; x_wconf 76' lang='lat' dir='ltr'><strong>omnia</strong></span> <span class='ocrx_word' id='word_1_255' title='bbox 396 1890 420 1922; x_wconf 87' lang='lat' dir='ltr'><strong>i.</strong></span> <span class='ocrx_word' id='word_1_256' title='bbox 442 1889 575 1923; x_wconf 85' lang='lat' dir='ltr'><strong>mitten</strong></span> <span class='ocrx_word' id='word_1_257' title='bbox 595 1891 703 1924; x_wconf 88' lang='lat' dir='ltr'><strong>unter</strong></span> <span class='ocrx_word' id='word_1_258' title='bbox 722 1889 873 1924; x_wconf 75' lang='lat' dir='ltr'><strong>‘lauter’</strong></span> 
     </span>
     <span class='ocr_line' id='line_1_31' title="bbox 133 1935 877 1980; baseline 0 -9"><span class='ocrx_word' id='word_1_259' title='bbox 133 1935 315 1978; x_wconf 85' lang='lat' dir='ltr'><strong>Feinden,</strong></span> <span class='ocrx_word' id='word_1_260' title='bbox 355 1948 398 1970; x_wconf 88' lang='lat' dir='ltr'><strong>zu</strong></span> <span class='ocrx_word' id='word_1_261' title='bbox 434 1940 495 1978; x_wconf 91' lang='grc'><strong>21,</strong></span> <span class='ocrx_word' id='word_1_262' title='bbox 523 1940 586 1974; x_wconf 85' lang='grc'><strong>32,</strong></span> <span class='ocrx_word' id='word_1_263' title='bbox 613 1940 643 1970; x_wconf 87' lang='grc'><strong>9.</strong></span> <span class='ocrx_word' id='word_1_264' title='bbox 674 1957 716 1961; x_wconf 93' lang='grc'>-</span> <span class='ocrx_word' id='word_1_265' title='bbox 746 1948 805 1980; x_wconf 82' lang='lat' dir='ltr'><strong>pr.</strong></span> <span class='ocrx_word' id='word_1_266' title='bbox 833 1937 877 1971; x_wconf 83' lang='lat' dir='ltr'><strong>ab</strong></span> 
     </span>
     <span class='ocr_line' id='line_1_32' title="bbox 133 1982 878 2028; baseline -0.001 -10"><span class='ocrx_word' id='word_1_267' title='bbox 133 1984 254 2018; x_wconf 82' lang='lat' dir='ltr'><strong>domo:</strong></span> <span class='ocrx_word' id='word_1_268' title='bbox 281 1982 360 2017; x_wconf 79' lang='lat' dir='ltr'><strong>dass</strong></span> <span class='ocrx_word' id='word_1_269' title='bbox 387 1983 445 2017; x_wconf 91' lang='lat' dir='ltr'><strong>die</strong></span> <span class='ocrx_word' id='word_1_270' title='bbox 473 1984 637 2028; x_wconf 86' lang='lat' dir='ltr'><strong>carthag.</strong></span> <span class='ocrx_word' id='word_1_271' title='bbox 665 1983 878 2028; x_wconf 83' lang='lat' dir='ltr'><strong>Regierung</strong></span> 
     </span>
     <span class='ocr_line' id='line_1_33' title="bbox 135 2030 878 2065; baseline 0 0"><span class='ocrx_word' id='word_1_272' title='bbox 135 2030 205 2065; x_wconf 87' lang='lat' dir='ltr'><strong>den</strong></span> <span class='ocrx_word' id='word_1_273' title='bbox 227 2030 346 2064; x_wconf 85' lang='lat' dir='ltr'><strong>Hann.</strong></span> <span class='ocrx_word' id='word_1_274' title='bbox 362 2030 465 2064; x_wconf 87' lang='lat' dir='ltr'><strong>nicht</strong></span> <span class='ocrx_word' id='word_1_275' title='bbox 486 2032 738 2065; x_wconf 72' lang='lat' dir='ltr'><strong>unterstfltzen</strong></span> <span class='ocrx_word' id='word_1_276' title='bbox 757 2031 878 2065; x_wconf 80' lang='lat' dir='ltr'><strong>konne</strong></span> 
     </span>
     <span class='ocr_line' id='line_1_34' title="bbox 136 2077 877 2123; baseline -0.001 -11"><span class='ocrx_word' id='word_1_277' title='bbox 136 2078 223 2112; x_wconf 85' lang='lat' dir='ltr'><strong>oder</strong></span> <span class='ocrx_word' id='word_1_278' title='bbox 250 2077 369 2120; x_wconf 87' lang='lat' dir='ltr'><strong>wolle,</strong></span> <span class='ocrx_word' id='word_1_279' title='bbox 391 2077 458 2112; x_wconf 85' lang='lat' dir='ltr'><strong>wie</strong></span> <span class='ocrx_word' id='word_1_280' title='bbox 481 2078 545 2111; x_wconf 80' lang='lat' dir='ltr'><strong>der</strong></span> <span class='ocrx_word' id='word_1_281' title='bbox 565 2079 713 2122; x_wconf 88' lang='lat' dir='ltr'><strong>strenge</strong></span> <span class='ocrx_word' id='word_1_282' title='bbox 735 2079 877 2123; x_wconf 88' lang='lat' dir='ltr'><strong>Gegen-</strong></span> 
     </span>
     <span class='ocr_line' id='line_1_35' title="bbox 135 2124 879 2170; baseline 0 -10"><span class='ocrx_word' id='word_1_283' title='bbox 135 2127 214 2160; x_wconf 85' lang='lat' dir='ltr'><strong>satz</strong></span> <span class='ocrx_word' id='word_1_284' title='bbox 235 2128 414 2159; x_wconf 82' lang='lat' dir='ltr'><strong>erwarten</strong></span> <span class='ocrx_word' id='word_1_285' title='bbox 442 2124 556 2167; x_wconf 83' lang='lat' dir='ltr'><strong>liesse,</strong></span> <span class='ocrx_word' id='word_1_286' title='bbox 583 2125 673 2159; x_wconf 88' lang='lat' dir='ltr'><strong>wird</strong></span> <span class='ocrx_word' id='word_1_287' title='bbox 695 2125 799 2160; x_wconf 83' lang='lat' dir='ltr'><strong>nicht</strong></span> <span class='ocrx_word' id='word_1_288' title='bbox 817 2137 879 2170; x_wconf 84' lang='lat' dir='ltr'><strong>ge-</strong></span> 
     </span>
     <span class='ocr_line' id='line_1_36' title="bbox 137 2171 881 2216; baseline 0.003 -10"><span class='ocrx_word' id='word_1_289' title='bbox 137 2174 232 2216; x_wconf 85' lang='lat' dir='ltr'><strong>sagt,</strong></span> <span class='ocrx_word' id='word_1_290' title='bbox 259 2172 307 2207; x_wconf 90' lang='lat' dir='ltr'><strong>da</strong></span> <span class='ocrx_word' id='word_1_291' title='bbox 334 2171 425 2206; x_wconf 86' lang='lat' dir='ltr'><strong>diess</strong></span> <span class='ocrx_word' id='word_1_292' title='bbox 446 2171 516 2206; x_wconf 88' lang='lat' dir='ltr'><strong>mit</strong></span> <span class='ocrx_word' id='word_1_293' title='bbox 535 2174 599 2206; x_wconf 84' lang='lat' dir='ltr'><strong>der</strong></span> <span class='ocrx_word' id='word_1_294' title='bbox 614 2172 881 2208; x_wconf 82' lang='lat' dir='ltr'><strong>Wirklichkeit</strong></span> 
     </span>
     <span class='ocr_line' id='line_1_37' title="bbox 136 2219 880 2264; baseline 0.001 -10"><span class='ocrx_word' id='word_1_295' title='bbox 136 2219 175 2254; x_wconf 89' lang='lat' dir='ltr'><strong>in</strong></span> <span class='ocrx_word' id='word_1_296' title='bbox 201 2219 465 2264; x_wconf 77' lang='lat' dir='ltr'><strong>Widerspruch</strong></span> <span class='ocrx_word' id='word_1_297' title='bbox 494 2220 644 2263; x_wconf 72' lang='lat' dir='ltr'><strong>sti&#39;inde,</strong></span> <span class='ocrx_word' id='word_1_298' title='bbox 682 2224 738 2264; x_wconf 90' lang='grc'><strong>21,</strong></span> <span class='ocrx_word' id='word_1_299' title='bbox 765 2224 821 2264; x_wconf 87' lang='grc'><strong>49,</strong></span> <span class='ocrx_word' id='word_1_300' title='bbox 849 2225 880 2263; x_wconf 98' lang='grc'><strong>2,</strong></span> 
     </span>
    </p>
   </div>
   <div class='ocr_carea' id='block_1_4' title="bbox 949 1700 1697 2265">
    <p class='ocr_par' dir='ltr' id='par_1_5' title="bbox 949 1700 1697 2265">
     <span class='ocr_line' id='line_1_38' title="bbox 998 1700 1692 1744; baseline -0.003 -10"><span class='ocrx_word' id='word_1_301' title='bbox 998 1704 1146 1735; x_wconf 85' lang='grc'><strong>15-18,</strong></span> <span class='ocrx_word' id='word_1_302' title='bbox 1186 1700 1339 1734; x_wconf 72' lang='lat' dir='ltr'><strong>sedendo</strong></span> <span class='ocrx_word' id='word_1_303' title='bbox 1375 1711 1454 1744; x_wconf 77' lang='lat' dir='ltr'><strong>sup.</strong></span> <span class='ocrx_word' id='word_1_304' title='bbox 1494 1710 1536 1732; x_wconf 89' lang='lat' dir='ltr'><strong>zu</strong></span> <span class='ocrx_word' id='word_1_305' title='bbox 1574 1710 1602 1733; x_wconf 94' lang='lat' dir='ltr'><strong>c.</strong></span> <span class='ocrx_word' id='word_1_306' title='bbox 1639 1702 1692 1741; x_wconf 82' lang='lat'><strong>14,</strong></span> 
     </span>
     <span class='ocr_line' id='line_1_39' title="bbox 952 1745 1693 1792; baseline -0.001 -10"><span class='ocrx_word' id='word_1_307' title='bbox 952 1752 1005 1783; x_wconf 85' lang='lat'><strong>14.</strong></span> <span class='ocrx_word' id='word_1_308' title='bbox 1033 1768 1076 1773; x_wconf 91' lang='lat'><strong>--</strong></span> <span class='ocrx_word' id='word_1_309' title='bbox 1102 1748 1222 1792; x_wconf 73' lang='lat' dir='ltr'><strong>suppl.</strong></span> <span class='ocrx_word' id='word_1_310' title='bbox 1243 1748 1452 1791; x_wconf 77' lang='lat' dir='ltr'><strong>pecuniam,</strong></span> <span class='ocrx_word' id='word_1_311' title='bbox 1478 1757 1554 1781; x_wconf 85' lang='lat' dir='ltr'><strong>was</strong></span> <span class='ocrx_word' id='word_1_312' title='bbox 1573 1745 1693 1781; x_wconf 89' lang='lat' dir='ltr'><strong>Hann.</strong></span> 
     </span>
     <span class='ocr_line' id='line_1_40' title="bbox 950 1793 1696 1830; baseline -0.004 -1"><span class='ocrx_word' id='word_1_313' title='bbox 950 1796 1025 1830; x_wconf 86' lang='lat' dir='ltr'><strong>erst</strong></span> <span class='ocrx_word' id='word_1_314' title='bbox 1055 1796 1151 1829; x_wconf 88' lang='lat' dir='ltr'><strong>nach</strong></span> <span class='ocrx_word' id='word_1_315' title='bbox 1187 1795 1252 1829; x_wconf 89' lang='lat' dir='ltr'><strong>der</strong></span> <span class='ocrx_word' id='word_1_316' title='bbox 1278 1794 1457 1829; x_wconf 86' lang='lat' dir='ltr'><strong>Schlacht</strong></span> <span class='ocrx_word' id='word_1_317' title='bbox 1481 1794 1541 1828; x_wconf 90' lang='lat' dir='ltr'><strong>bei</strong></span> <span class='ocrx_word' id='word_1_318' title='bbox 1569 1793 1696 1828; x_wconf 80' lang='lat' dir='ltr'><strong>Cann&#39;a</strong></span> 
     </span>
     <span class='ocr_line' id='line_1_41' title="bbox 950 1841 1694 1886; baseline -0.004 -9"><span class='ocrx_word' id='word_1_319' title='bbox 950 1843 1095 1884; x_wconf 88' lang='lat' dir='ltr'><strong>erhielt,</strong></span> <span class='ocrx_word' id='word_1_320' title='bbox 1122 1846 1178 1886; x_wconf 91' lang='grc'><strong>23,</strong></span> <span class='ocrx_word' id='word_1_321' title='bbox 1201 1846 1257 1884; x_wconf 91' lang='grc'><strong>13,</strong></span> <span class='ocrx_word' id='word_1_322' title='bbox 1279 1845 1310 1876; x_wconf 80' lang='grc'><strong>7.</strong></span> <span class='ocrx_word' id='word_1_323' title='bbox 1337 1862 1382 1866; x_wconf 92' lang='grc'><strong>-</strong></span> <span class='ocrx_word' id='word_1_324' title='bbox 1405 1852 1473 1885; x_wconf 82' lang='lat' dir='ltr'><strong>pro</strong></span> <span class='ocrx_word' id='word_1_325' title='bbox 1501 1841 1584 1875; x_wconf 83' lang='lat' dir='ltr'><strong>Ger.</strong></span> <span class='ocrx_word' id='word_1_326' title='bbox 1604 1851 1694 1875; x_wconf 88' lang='lat' dir='ltr'><strong>moe-</strong></span> 
     </span>
     <span class='ocr_line' id='line_1_42' title="bbox 949 1888 1696 1931; baseline -0.001 -8"><span class='ocrx_word' id='word_1_327' title='bbox 949 1890 1074 1931; x_wconf 73' lang='lat' dir='ltr'><strong>nibus,</strong></span> <span class='ocrx_word' id='word_1_328' title='bbox 1104 1901 1167 1923; x_wconf 88' lang='lat' dir='ltr'><strong>um</strong></span> <span class='ocrx_word' id='word_1_329' title='bbox 1199 1900 1238 1923; x_wconf 89' lang='lat' dir='ltr'><strong>es</strong></span> <span class='ocrx_word' id='word_1_330' title='bbox 1270 1901 1312 1922; x_wconf 89' lang='lat' dir='ltr'><strong>zu</strong></span> <span class='ocrx_word' id='word_1_331' title='bbox 1344 1888 1488 1930; x_wconf 88' lang='lat' dir='ltr'><strong>halten,</strong></span> <span class='ocrx_word' id='word_1_332' title='bbox 1524 1899 1552 1922; x_wconf 92' lang='grc'><strong>6.</strong></span> <span class='ocrx_word' id='word_1_333' title='bbox 1580 1891 1636 1929; x_wconf 83' lang='grc'><strong>23,</strong></span> <span class='ocrx_word' id='word_1_334' title='bbox 1663 1891 1696 1930; x_wconf 84' lang='grc'><strong>9,</strong></span> 
     </span>
     <span class='ocr_line' id='line_1_43' title="bbox 951 1933 1696 1981; baseline -0.003 -11"><span class='ocrx_word' id='word_1_335' title='bbox 951 1947 1129 1981; x_wconf 86' lang='lat' dir='ltr'><strong>wogegen</strong></span> <span class='ocrx_word' id='word_1_336' title='bbox 1150 1937 1234 1970; x_wconf 85' lang='lat' dir='ltr'><strong>ante</strong></span> <span class='ocrx_word' id='word_1_337' title='bbox 1256 1936 1441 1970; x_wconf 81' lang='lat' dir='ltr'><strong>andeuten</strong></span> <span class='ocrx_word' id='word_1_338' title='bbox 1461 1935 1599 1978; x_wconf 72' lang='lat' dir='ltr'><strong>wiirde,</strong></span> <span class='ocrx_word' id='word_1_339' title='bbox 1616 1933 1696 1969; x_wconf 84' lang='lat' dir='ltr'><strong>dass</strong></span> 
     </span>
     <span class='ocr_line' id='line_1_44' title="bbox 951 1982 1695 2027; baseline -0.003 -9"><span class='ocrx_word' id='word_1_340' title='bbox 951 1983 1069 2018; x_wconf 90' lang='lat' dir='ltr'><strong>Hann.</strong></span> <span class='ocrx_word' id='word_1_341' title='bbox 1104 1983 1162 2017; x_wconf 90' lang='lat' dir='ltr'><strong>die</strong></span> <span class='ocrx_word' id='word_1_342' title='bbox 1191 1982 1304 2017; x_wconf 77' lang='lat' dir='ltr'><strong>stadt</strong></span> <span class='ocrx_word' id='word_1_343' title='bbox 1336 1983 1515 2027; x_wconf 77' lang='lat' dir='ltr'><strong>belagert.</strong></span> <span class='ocrx_word' id='word_1_344' title='bbox 1551 2002 1593 2006; x_wconf 91' lang='lat'>—</span> <span class='ocrx_word' id='word_1_345' title='bbox 1621 1982 1695 2017; x_wconf 80' lang='lat' dir='ltr'><strong>lud.</strong></span> 
     </span>
     <span class='ocr_line' id='line_1_45' title="bbox 951 2029 1694 2075; baseline -0.001 -10"><span class='ocrx_word' id='word_1_346' title='bbox 951 2033 1044 2073; x_wconf 74' lang='lat' dir='ltr'><strong>sint,</strong></span> <span class='ocrx_word' id='word_1_347' title='bbox 1079 2041 1256 2075; x_wconf 83' lang='lat' dir='ltr'><strong>synonym</strong></span> <span class='ocrx_word' id='word_1_348' title='bbox 1290 2030 1439 2064; x_wconf 85' lang='lat' dir='ltr'><strong>eludere</strong></span> <span class='ocrx_word' id='word_1_349' title='bbox 1470 2029 1627 2072; x_wconf 88' lang='lat' dir='ltr'><strong>hostem,</strong></span> <span class='ocrx_word' id='word_1_350' title='bbox 1665 2040 1694 2064; x_wconf 85' lang='lat' dir='ltr'><strong>c.</strong></span> 
     </span>
     <span class='ocr_line' id='line_1_46' title="bbox 955 2076 1697 2122; baseline -0.003 -10"><span class='ocrx_word' id='word_1_351' title='bbox 955 2082 1013 2119; x_wconf 88' lang='grc'><strong>18,</strong></span> <span class='ocrx_word' id='word_1_352' title='bbox 1060 2082 1100 2120; x_wconf 89' lang='grc'><strong>3,</strong></span> <span class='ocrx_word' id='word_1_353' title='bbox 1146 2081 1177 2113; x_wconf 88' lang='grc'><strong>9.</strong></span> <span class='ocrx_word' id='word_1_354' title='bbox 1219 2099 1256 2102; x_wconf 87' lang='grc'><strong>-</strong></span> <span class='ocrx_word' id='word_1_355' title='bbox 1299 2079 1436 2122; x_wconf 75' lang='lat' dir='ltr'><strong>cupiet,</strong></span> <span class='ocrx_word' id='word_1_356' title='bbox 1476 2076 1697 2121; x_wconf 83' lang='lat' dir='ltr'><strong>Steigerung</strong></span> 
     </span>
     <span class='ocr_line' id='line_1_47' title="bbox 953 2125 1697 2170; baseline -0.001 -10"><span class='ocrx_word' id='word_1_357' title='bbox 953 2125 1167 2170; x_wconf 67' lang='lat' dir='ltr'><strong>gegeniiber</strong></span> <span class='ocrx_word' id='word_1_358' title='bbox 1193 2125 1328 2160; x_wconf 82' lang='lat' dir='ltr'><strong>volent.</strong></span> <span class='ocrx_word' id='word_1_359' title='bbox 1358 2146 1400 2150; x_wconf 87' lang='lat'><strong>—</strong></span> <span class='ocrx_word' id='word_1_360' title='bbox 1427 2125 1599 2160; x_wconf 75' lang='lat' dir='ltr'><strong>adversus</strong></span> <span class='ocrx_word' id='word_1_361' title='bbox 1636 2136 1697 2169; x_wconf 89' lang='lat' dir='ltr'><strong>ge-</strong></span> 
     </span>
     <span class='ocr_line' id='line_1_48' title="bbox 954 2172 1696 2215; baseline -0.003 -7"><span class='ocrx_word' id='word_1_362' title='bbox 954 2175 1039 2208; x_wconf 76' lang='lat' dir='ltr'><strong>hort</strong></span> <span class='ocrx_word' id='word_1_363' title='bbox 1063 2185 1106 2207; x_wconf 88' lang='lat' dir='ltr'><strong>zu</strong></span> <span class='ocrx_word' id='word_1_364' title='bbox 1132 2173 1276 2215; x_wconf 80' lang='lat' dir='ltr'><strong>firmus3</strong></span> <span class='ocrx_word' id='word_1_365' title='bbox 1303 2184 1342 2208; x_wconf 87' lang='lat' dir='ltr'><strong>so</strong></span> <span class='ocrx_word' id='word_1_366' title='bbox 1369 2172 1392 2207; x_wconf 88' lang='lat' dir='ltr'><strong>f.</strong></span> <span class='ocrx_word' id='word_1_367' title='bbox 1415 2172 1591 2207; x_wconf 86' lang='lat' dir='ltr'><strong>adversus</strong></span> <span class='ocrx_word' id='word_1_368' title='bbox 1611 2183 1696 2207; x_wconf 89' lang='lat' dir='ltr'><strong>con-</strong></span> 
     </span>
     <span class='ocr_line' id='line_1_49' title="bbox 954 2220 1450 2265; baseline -0.002 -10"><span class='ocrx_word' id='word_1_369' title='bbox 954 2221 1062 2261; x_wconf 83' lang='lat' dir='ltr'><strong>vicia,</strong></span> <span class='ocrx_word' id='word_1_370' title='bbox 1091 2220 1330 2265; x_wconf 81' lang='lat' dir='ltr'><strong>largitionem</strong></span> <span class='ocrx_word' id='word_1_371' title='bbox 1358 2233 1391 2255; x_wconf 87' lang='lat' dir='ltr'><strong>u.</strong></span> <span class='ocrx_word' id='word_1_372' title='bbox 1419 2223 1450 2254; x_wconf 66' lang='lat' dir='ltr'><strong>a.</strong></span> 
     </span>
    </p>
   </div>
   <div class='ocr_carea' id='block_1_5' title="bbox 139 2266 890 2831">
    <p class='ocr_par' dir='ltr' id='par_1_6' title="bbox 139 2266 890 2831">
     <span class='ocr_line' id='line_1_50' title="bbox 139 2266 881 2312; baseline 0.003 -12"><span class='ocrx_word' id='word_1_373' title='bbox 139 2266 297 2301; x_wconf 88' lang='lat' dir='ltr'><strong>sondern</strong></span> <span class='ocrx_word' id='word_1_374' title='bbox 335 2266 431 2301; x_wconf 87' lang='lat' dir='ltr'><strong>bloss</strong></span> <span class='ocrx_word' id='word_1_375' title='bbox 469 2267 535 2301; x_wconf 89' lang='lat' dir='ltr'><strong>auf</strong></span> <span class='ocrx_word' id='word_1_376' title='bbox 569 2267 629 2302; x_wconf 90' lang='lat' dir='ltr'><strong>die</strong></span> <span class='ocrx_word' id='word_1_377' title='bbox 662 2267 881 2312; x_wconf 85' lang='lat' dir='ltr'><strong>Schwierig-</strong></span> 
     </span>
     <span class='ocr_line' id='line_1_51' title="bbox 139 2313 881 2360; baseline 0.001 -12"><span class='ocrx_word' id='word_1_378' title='bbox 139 2313 218 2348; x_wconf 84' lang='lat' dir='ltr'><strong>keit</strong></span> <span class='ocrx_word' id='word_1_379' title='bbox 244 2314 308 2348; x_wconf 87' lang='lat' dir='ltr'><strong>des</strong></span> <span class='ocrx_word' id='word_1_380' title='bbox 335 2314 581 2358; x_wconf 82' lang='lat' dir='ltr'><strong>Transportes</strong></span> <span class='ocrx_word' id='word_1_381' title='bbox 619 2314 881 2360; x_wconf 86' lang='lat' dir='ltr'><strong>hingewiesen.</strong></span> 
     </span>
     <span class='ocr_line' id='line_1_52' title="bbox 141 2361 881 2405; baseline 0 -10"><span class='ocrx_word' id='word_1_382' title='bbox 141 2381 183 2385; x_wconf 97' lang='lat'><strong>—</strong></span> <span class='ocrx_word' id='word_1_383' title='bbox 209 2361 252 2395; x_wconf 76' lang='lat' dir='ltr'><strong>in</strong></span> <span class='ocrx_word' id='word_1_384' title='bbox 289 2362 381 2396; x_wconf 80' lang='lat' dir='ltr'><strong>diem</strong></span> <span class='ocrx_word' id='word_1_385' title='bbox 418 2365 543 2405; x_wconf 80' lang='lat' dir='ltr'><strong>rapto,</strong></span> <span class='ocrx_word' id='word_1_386' title='bbox 580 2363 649 2396; x_wconf 86' lang='lat' dir='ltr'><strong>wie</strong></span> <span class='ocrx_word' id='word_1_387' title='bbox 689 2374 718 2397; x_wconf 92' lang='lat' dir='ltr'><strong>c.</strong></span> <span class='ocrx_word' id='word_1_388' title='bbox 751 2366 813 2405; x_wconf 86' lang='lat'><strong>40,</strong></span> <span class='ocrx_word' id='word_1_389' title='bbox 848 2366 881 2397; x_wconf 88' lang='grc'><strong>8.</strong></span> 
     </span>
     <span class='ocr_line' id='line_1_53' title="bbox 140 2409 884 2451; baseline 0.003 -9"><span class='ocrx_word' id='word_1_390' title='bbox 140 2411 196 2450; x_wconf 86' lang='grc'><strong>27,</strong></span> <span class='ocrx_word' id='word_1_391' title='bbox 225 2412 279 2451; x_wconf 89' lang='grc'><strong>12,</strong></span> <span class='ocrx_word' id='word_1_392' title='bbox 308 2413 337 2443; x_wconf 83' lang='lat'><strong>4.</strong></span> <span class='ocrx_word' id='word_1_393' title='bbox 370 2429 407 2433; x_wconf 91' lang='lat'>—</span> <span class='ocrx_word' id='word_1_394' title='bbox 437 2410 548 2451; x_wconf 79' lang='lat' dir='ltr'><strong>fame,</strong></span> <span class='ocrx_word' id='word_1_395' title='bbox 588 2409 692 2444; x_wconf 86' lang='lat' dir='ltr'><strong>nicht</strong></span> <span class='ocrx_word' id='word_1_396' title='bbox 723 2421 791 2444; x_wconf 89' lang='lat' dir='ltr'><strong>nur</strong></span> <span class='ocrx_word' id='word_1_397' title='bbox 817 2410 884 2444; x_wconf 86' lang='lat' dir='ltr'><strong>mit</strong></span> 
     </span>
     <span class='ocr_line' id='line_1_54' title="bbox 141 2454 883 2502; baseline 0.004 -14"><span class='ocrx_word' id='word_1_398' title='bbox 141 2454 267 2498; x_wconf 75' lang='lat' dir='ltr'><strong>Bezug</strong></span> <span class='ocrx_word' id='word_1_399' title='bbox 292 2456 359 2490; x_wconf 82' lang='lat' dir='ltr'><strong>auf</strong></span> <span class='ocrx_word' id='word_1_400' title='bbox 381 2455 451 2490; x_wconf 90' lang='lat' dir='ltr'><strong>den</strong></span> <span class='ocrx_word' id='word_1_401' title='bbox 473 2456 799 2502; x_wconf 72' lang='lat' dir='ltr'><strong>Alpenubergang,</strong></span> <span class='ocrx_word' id='word_1_402' title='bbox 827 2461 883 2500; x_wconf 92' lang='grc'><strong>21,</strong></span> 
     </span>
     <span class='ocr_line' id='line_1_55' title="bbox 140 2503 885 2544; baseline 0.001 -7"><span class='ocrx_word' id='word_1_403' title='bbox 140 2506 204 2543; x_wconf 87' lang='grc'><strong>40,</strong></span> <span class='ocrx_word' id='word_1_404' title='bbox 242 2507 280 2544; x_wconf 88' lang='grc'><strong>9,</strong></span> <span class='ocrx_word' id='word_1_405' title='bbox 320 2503 477 2537; x_wconf 84' lang='lat' dir='ltr'><strong>sonderu</strong></span> <span class='ocrx_word' id='word_1_406' title='bbox 517 2504 601 2537; x_wconf 87' lang='lat' dir='ltr'><strong>weil</strong></span> <span class='ocrx_word' id='word_1_407' title='bbox 633 2503 769 2538; x_wconf 87' lang='lat' dir='ltr'><strong>Fabius</strong></span> <span class='ocrx_word' id='word_1_408' title='bbox 808 2505 885 2539; x_wconf 89' lang='lat' dir='ltr'><strong>sich</strong></span> 
     </span>
     <span class='ocr_line' id='line_1_56' title="bbox 142 2550 885 2593; baseline 0.003 -10"><span class='ocrx_word' id='word_1_409' title='bbox 142 2550 300 2593; x_wconf 76' lang='lat' dir='ltr'><strong>riihmte,</strong></span> <span class='ocrx_word' id='word_1_410' title='bbox 327 2551 397 2585; x_wconf 88' lang='lat' dir='ltr'><strong>den</strong></span> <span class='ocrx_word' id='word_1_411' title='bbox 421 2550 535 2584; x_wconf 82' lang='lat' dir='ltr'><strong>Hann.</strong></span> <span class='ocrx_word' id='word_1_412' title='bbox 554 2551 668 2585; x_wconf 90' lang='lat' dir='ltr'><strong>durch</strong></span> <span class='ocrx_word' id='word_1_413' title='bbox 686 2550 885 2585; x_wconf 73' lang='lat' dir='ltr'><strong>Abschnei-</strong></span> 
     </span>
     <span class='ocr_line' id='line_1_57' title="bbox 144 2597 887 2641; baseline 0.003 -11"><span class='ocrx_word' id='word_1_414' title='bbox 144 2597 246 2641; x_wconf 86' lang='lat' dir='ltr'><strong>dung</strong></span> <span class='ocrx_word' id='word_1_415' title='bbox 272 2598 336 2631; x_wconf 83' lang='lat' dir='ltr'><strong>der</strong></span> <span class='ocrx_word' id='word_1_416' title='bbox 357 2597 623 2632; x_wconf 86' lang='lat' dir='ltr'><strong>Lebensmittel</strong></span> <span class='ocrx_word' id='word_1_417' title='bbox 649 2599 887 2641; x_wconf 69' lang='lat' dir='ltr'><strong>geschwacht</strong></span> 
     </span>
     <span class='ocr_line' id='line_1_58' title="bbox 144 2644 886 2687; baseline 0.004 -10"><span class='ocrx_word' id='word_1_418' title='bbox 144 2655 187 2677; x_wconf 91' lang='lat' dir='ltr'><strong>zu</strong></span> <span class='ocrx_word' id='word_1_419' title='bbox 215 2644 349 2686; x_wconf 83' lang='lat' dir='ltr'><strong>haben,</strong></span> <span class='ocrx_word' id='word_1_420' title='bbox 376 2657 419 2678; x_wconf 89' lang='lat' dir='ltr'><strong>zu</strong></span> <span class='ocrx_word' id='word_1_421' title='bbox 447 2656 475 2679; x_wconf 88' lang='lat' dir='ltr'><strong>c.</strong></span> <span class='ocrx_word' id='word_1_422' title='bbox 506 2649 559 2685; x_wconf 84' lang='lat'><strong>11,</strong></span> <span class='ocrx_word' id='word_1_423' title='bbox 587 2649 625 2687; x_wconf 78' lang='lat'><strong>43</strong></span> <span class='ocrx_word' id='word_1_424' title='bbox 654 2646 712 2679; x_wconf 85' lang='lat' dir='ltr'><strong>die</strong></span> <span class='ocrx_word' id='word_1_425' title='bbox 740 2645 886 2680; x_wconf 88' lang='lat' dir='ltr'><strong>Allitte-</strong></span> 
     </span>
     <span class='ocr_line' id='line_1_59' title="bbox 145 2689 886 2735; baseline 0 -10"><span class='ocrx_word' id='word_1_426' title='bbox 145 2689 265 2726; x_wconf 83' lang='lat' dir='ltr'><strong>ration</strong></span> <span class='ocrx_word' id='word_1_427' title='bbox 292 2691 315 2726; x_wconf 90' lang='lat' dir='ltr'><strong>f.</strong></span> <span class='ocrx_word' id='word_1_428' title='bbox 342 2691 439 2726; x_wconf 86' lang='lat' dir='ltr'><strong>ferro</strong></span> <span class='ocrx_word' id='word_1_429' title='bbox 462 2696 517 2734; x_wconf 90' lang='grc'><strong>23,</strong></span> <span class='ocrx_word' id='word_1_430' title='bbox 541 2696 595 2735; x_wconf 88' lang='grc'><strong>19,</strong></span> <span class='ocrx_word' id='word_1_431' title='bbox 619 2696 671 2726; x_wconf 86' lang='grc'><strong>17.</strong></span> <span class='ocrx_word' id='word_1_432' title='bbox 699 2696 753 2727; x_wconf 79' lang='grc'><strong>26.</strong></span> <span class='ocrx_word' id='word_1_433' title='bbox 777 2696 810 2733; x_wconf 85' lang='grc'><strong>6,</strong></span> <span class='ocrx_word' id='word_1_434' title='bbox 834 2696 886 2727; x_wconf 86' lang='grc'><strong>16.</strong></span> 
     </span>
     <span class='ocr_line' id='line_1_60' title="bbox 147 2740 887 2784; baseline 0.001 -12"><span class='ocrx_word' id='word_1_435' title='bbox 147 2757 189 2763; x_wconf 92' lang='grc'>-</span> <span class='ocrx_word' id='word_1_436' title='bbox 216 2740 349 2780; x_wconf 69' lang='lat' dir='ltr'><strong>victus,</strong></span> <span class='ocrx_word' id='word_1_437' title='bbox 386 2750 414 2773; x_wconf 91' lang='grc'><strong>6.</strong></span> <span class='ocrx_word' id='word_1_438' title='bbox 443 2744 504 2782; x_wconf 84' lang='grc'><strong>40,</strong></span> <span class='ocrx_word' id='word_1_439' title='bbox 532 2743 568 2782; x_wconf 87' lang='grc'><strong>8;</strong></span> <span class='ocrx_word' id='word_1_440' title='bbox 609 2741 817 2784; x_wconf 71' lang='lat' dir='ltr'><strong>suppeditat</strong></span> <span class='ocrx_word' id='word_1_441' title='bbox 844 2756 887 2768; x_wconf 91' lang='lat'>=</span> 
     </span>
     <span class='ocr_line' id='line_1_61' title="bbox 148 2787 890 2831; baseline 0 -11"><span class='ocrx_word' id='word_1_442' title='bbox 148 2788 330 2830; x_wconf 78' lang='lat' dir='ltr'><strong>suppetit,</strong></span> <span class='ocrx_word' id='word_1_443' title='bbox 359 2790 545 2830; x_wconf 83' lang='lat' dir='ltr'><strong>superest,</strong></span> <span class='ocrx_word' id='word_1_444' title='bbox 583 2787 652 2822; x_wconf 88' lang='lat' dir='ltr'><strong>wie</strong></span> <span class='ocrx_word' id='word_1_445' title='bbox 679 2787 890 2831; x_wconf 75' lang='lat' dir='ltr'><strong>uberhaupt</strong></span> 
     </span>
    </p>
   </div>
   <div class='ocr_carea' id='block_1_6' title="bbox 145 2831 888 2925">
    <p class='ocr_par' dir='ltr' id='par_1_7' title="bbox 145 2831 888 2925">
     <span class='ocr_line' id='line_1_62' title="bbox 146 2831 888 2878; baseline 0.003 -12"><span class='ocrx_word' id='word_1_446' title='bbox 146 2831 186 2867; x_wconf 85' lang='lat' dir='ltr'><strong>L.</strong></span> <span class='ocrx_word' id='word_1_447' title='bbox 222 2833 286 2868; x_wconf 84' lang='lat' dir='ltr'><strong>das</strong></span> <span class='ocrx_word' id='word_1_448' title='bbox 320 2833 480 2868; x_wconf 86' lang='lat' dir='ltr'><strong>Verbum</strong></span> <span class='ocrx_word' id='word_1_449' title='bbox 517 2834 577 2868; x_wconf 88' lang='lat' dir='ltr'><strong>nie</strong></span> <span class='ocrx_word' id='word_1_450' title='bbox 617 2833 790 2869; x_wconf 82' lang='lat' dir='ltr'><strong>transitiv</strong></span> <span class='ocrx_word' id='word_1_451' title='bbox 829 2845 888 2878; x_wconf 83' lang='lat' dir='ltr'><strong>ge-</strong></span> 
     </span>
     <span class='ocr_line' id='line_1_63' title="bbox 145 2878 544 2925; baseline 0.008 -13"><span class='ocrx_word' id='word_1_452' title='bbox 145 2878 320 2924; x_wconf 80' lang='lat' dir='ltr'><strong>braucbt,</strong></span> <span class='ocrx_word' id='word_1_453' title='bbox 347 2884 403 2925; x_wconf 89' lang='grc'><strong>26,</strong></span> <span class='ocrx_word' id='word_1_454' title='bbox 430 2885 486 2925; x_wconf 78' lang='lat'><strong>45,</strong></span> <span class='ocrx_word' id='word_1_455' title='bbox 515 2885 544 2915; x_wconf 94' lang='lat'><strong>1.</strong></span> 
     </span>
    </p>
   </div>
   <div class='ocr_carea' id='block_1_7' title="bbox 955 2266 1702 2925">
    <p class='ocr_par' dir='ltr' id='par_1_8' title="bbox 955 2266 1702 2925">
     <span class='ocr_line' id='line_1_64' title="bbox 1004 2266 1697 2310; baseline -0.003 -8"><span class='ocrx_word' id='word_1_456' title='bbox 1004 2272 1152 2302; x_wconf 88' lang='grc'><strong>19-22.</strong></span> <span class='ocrx_word' id='word_1_457' title='bbox 1192 2268 1315 2309; x_wconf 77' lang='lat' dir='ltr'><strong>aiunt,</strong></span> <span class='ocrx_word' id='word_1_458' title='bbox 1355 2266 1410 2301; x_wconf 83' lang='lat' dir='ltr'><strong>oft</strong></span> <span class='ocrx_word' id='word_1_459' title='bbox 1446 2278 1519 2302; x_wconf 89' lang='lat' dir='ltr'><strong>von</strong></span> <span class='ocrx_word' id='word_1_460' title='bbox 1560 2266 1697 2310; x_wconf 89' lang='lat' dir='ltr'><strong>sprich-</strong></span> 
     </span>
     <span class='ocr_line' id='line_1_65' title="bbox 955 2314 1697 2357; baseline -0.003 -8"><span class='ocrx_word' id='word_1_461' title='bbox 955 2314 1174 2350; x_wconf 76' lang='lat' dir='ltr'><strong>wortlichen</strong></span> <span class='ocrx_word' id='word_1_462' title='bbox 1194 2315 1459 2357; x_wconf 80' lang='lat' dir='ltr'><strong>Redensarten,</strong></span> <span class='ocrx_word' id='word_1_463' title='bbox 1487 2314 1557 2349; x_wconf 85' lang='lat' dir='ltr'><strong>wie</strong></span> <span class='ocrx_word' id='word_1_464' title='bbox 1586 2317 1615 2354; x_wconf 71' lang='lat'><strong>7,</strong></span> <span class='ocrx_word' id='word_1_465' title='bbox 1644 2317 1697 2355; x_wconf 83' lang='lat'><strong>13,</strong></span> 
     </span>
     <span class='ocr_line' id='line_1_66' title="bbox 958 2362 1698 2407; baseline -0.004 -10"><span class='ocrx_word' id='word_1_466' title='bbox 958 2366 976 2397; x_wconf 81' lang='lat'>7</span> <span class='ocrx_word' id='word_1_467' title='bbox 1005 2363 1227 2407; x_wconf 79' lang='lat' dir='ltr'><strong>conpressis,</strong></span> <span class='ocrx_word' id='word_1_468' title='bbox 1255 2362 1353 2406; x_wconf 91' lang='lat' dir='ltr'><strong>quod</strong></span> <span class='ocrx_word' id='word_1_469' title='bbox 1379 2362 1499 2404; x_wconf 88' lang='lat' dir='ltr'><strong>aiunt,</strong></span> <span class='ocrx_word' id='word_1_470' title='bbox 1527 2362 1698 2395; x_wconf 85' lang='lat' dir='ltr'><strong>manibus</strong></span> 
     </span>
     <span class='ocr_line' id='line_1_67' title="bbox 957 2407 1698 2452; baseline -0.004 -8"><span class='ocrx_word' id='word_1_471' title='bbox 957 2410 1100 2452; x_wconf 86' lang='lat' dir='ltr'><strong>sedere,</strong></span> <span class='ocrx_word' id='word_1_472' title='bbox 1132 2410 1191 2444; x_wconf 92' lang='lat' dir='ltr'><strong>die</strong></span> <span class='ocrx_word' id='word_1_473' title='bbox 1223 2409 1352 2444; x_wconf 71' lang='lat' dir='ltr'><strong>Hande</strong></span> <span class='ocrx_word' id='word_1_474' title='bbox 1388 2410 1426 2443; x_wconf 90' lang='lat' dir='ltr'><strong>in</strong></span> <span class='ocrx_word' id='word_1_475' title='bbox 1465 2409 1535 2443; x_wconf 86' lang='lat' dir='ltr'><strong>den</strong></span> <span class='ocrx_word' id='word_1_476' title='bbox 1571 2407 1698 2442; x_wconf 83' lang='lat' dir='ltr'><strong>Schoss</strong></span> 
     </span>
     <span class='ocr_line' id='line_1_68' title="bbox 958 2455 1698 2502; baseline -0.004 -11"><span class='ocrx_word' id='word_1_477' title='bbox 958 2458 1076 2502; x_wconf 89' lang='lat' dir='ltr'><strong>legen.</strong></span> <span class='ocrx_word' id='word_1_478' title='bbox 1115 2457 1196 2501; x_wconf 90' lang='lat' dir='ltr'><strong>Vgl.</strong></span> <span class='ocrx_word' id='word_1_479' title='bbox 1226 2457 1358 2491; x_wconf 85' lang='lat' dir='ltr'><strong>Publil.</strong></span> <span class='ocrx_word' id='word_1_480' title='bbox 1386 2456 1463 2500; x_wconf 86' lang='lat' dir='ltr'><strong>Syr.</strong></span> <span class='ocrx_word' id='word_1_481' title='bbox 1492 2460 1535 2490; x_wconf 83' lang='lat'><strong>63</strong></span> <span class='ocrx_word' id='word_1_482' title='bbox 1563 2455 1698 2489; x_wconf 88' lang='lat' dir='ltr'><strong>bonum</strong></span> 
     </span>
     <span class='ocr_line' id='line_1_69' title="bbox 957 2503 1698 2548; baseline -0.005 -9"><span class='ocrx_word' id='word_1_483' title='bbox 957 2505 1056 2548; x_wconf 83' lang='lat' dir='ltr'><strong>quod</strong></span> <span class='ocrx_word' id='word_1_484' title='bbox 1095 2507 1151 2539; x_wconf 86' lang='lat' dir='ltr'><strong>est</strong></span> <span class='ocrx_word' id='word_1_485' title='bbox 1193 2503 1452 2547; x_wconf 85' lang='lat' dir='ltr'><strong>supprimitur,</strong></span> <span class='ocrx_word' id='word_1_486' title='bbox 1497 2513 1698 2546; x_wconf 90' lang='lat' dir='ltr'><strong>numquam</strong></span> 
     </span>
     <span class='ocr_line' id='line_1_70' title="bbox 959 2550 1699 2596; baseline -0.003 -11"><span class='ocrx_word' id='word_1_487' title='bbox 959 2551 1204 2596; x_wconf 83' lang='lat' dir='ltr'><strong>extinguitur,</strong></span> <span class='ocrx_word' id='word_1_488' title='bbox 1244 2552 1318 2585; x_wconf 80' lang='lat' dir='ltr'><strong>und</strong></span> <span class='ocrx_word' id='word_1_489' title='bbox 1355 2550 1471 2593; x_wconf 80' lang='lat' dir='ltr'><strong>Polyb</strong></span> <span class='ocrx_word' id='word_1_490' title='bbox 1513 2554 1572 2591; x_wconf 89' lang='lat'><strong>13,</strong></span> <span class='ocrx_word' id='word_1_491' title='bbox 1605 2553 1643 2593; x_wconf 82' lang='lat'><strong>5,</strong></span> <span class='ocrx_word' id='word_1_492' title='bbox 1679 2553 1699 2584; x_wconf 86' lang='grc'><strong>6</strong></span> 
     </span>
     <span class='ocr_line' id='line_1_71' title="bbox 959 2594 1697 2641; baseline -0.003 -9"><span class='ocrx_word' id='word_1_493' title='bbox 959 2596 1048 2632; x_wconf 73' lang='grc' dir='ltr'><strong>ποτὲ</strong></span> <span class='ocrx_word' id='word_1_494' title='bbox 1088 2597 1129 2632; x_wconf 74' lang='grc' dir='ltr'><strong>δὲ</strong></span> <span class='ocrx_word' id='word_1_495' title='bbox 1175 2595 1293 2632; x_wconf 77' lang='grc' dir='ltr'><em>πολὺν</em></span> <span class='ocrx_word' id='word_1_496' title='bbox 1338 2595 1470 2641; x_wconf 81' lang='grc' dir='ltr'><strong><em>χρόνον</em></strong></span> <span class='ocrx_word' id='word_1_497' title='bbox 1517 2594 1697 2631; x_wconf 57' lang='lat' dir='ltr'><strong>{monoth-</strong></span> 
     </span>
     <span class='ocr_line' id='line_1_72' title="bbox 961 2639 1698 2688; baseline -0.003 -9"><span class='ocrx_word' id='word_1_498' title='bbox 961 2648 1096 2679; x_wconf 78' lang='grc' dir='ltr'><em>σθείσα</em></span> <span class='ocrx_word' id='word_1_499' title='bbox 1138 2643 1240 2684; x_wconf 81' lang='grc' dir='ltr'><em>τέλος</em></span> <span class='ocrx_word' id='word_1_500' title='bbox 1279 2641 1372 2687; x_wconf 78' lang='grc' dir='ltr'><strong><em>αὐτὴ</em></strong></span> <span class='ocrx_word' id='word_1_501' title='bbox 1415 2641 1606 2688; x_wconf 78' lang='grc' dir='ltr'>(ἀλήθεια)</span> <span class='ocrx_word' id='word_1_502' title='bbox 1645 2639 1698 2678; x_wconf 82' lang='grc' dir='ltr'><strong>δι’</strong></span> 
     </span>
     <span class='ocr_line' id='line_1_73' title="bbox 964 2689 1702 2735; baseline -0.004 -8"><span class='ocrx_word' id='word_1_503' title='bbox 964 2689 1098 2735; x_wconf 68' lang='grc' dir='ltr'><em>ἑαυτῆς</em></span> <span class='ocrx_word' id='word_1_504' title='bbox 1125 2690 1328 2733; x_wconf 82' lang='grc' dir='ltr'><em>ἐπικρατεῖ.</em></span> <span class='ocrx_word' id='word_1_505' title='bbox 1350 2712 1391 2716; x_wconf 94' lang='lat'><strong>—--</strong></span> <span class='ocrx_word' id='word_1_506' title='bbox 1413 2703 1556 2733; x_wconf 77' lang='lat' dir='ltr'><strong>vanum,</strong></span> <span class='ocrx_word' id='word_1_507' title='bbox 1584 2690 1702 2726; x_wconf 69' lang='lat' dir='ltr'><strong>bildet</strong></span> 
     </span>
     <span class='ocr_line' id='line_1_74' title="bbox 963 2738 1701 2783; baseline 0 -10"><span class='ocrx_word' id='word_1_508' title='bbox 963 2740 1032 2773; x_wconf 84' lang='lat' dir='ltr'><strong>den</strong></span> <span class='ocrx_word' id='word_1_509' title='bbox 1059 2740 1265 2783; x_wconf 77' lang='lat' dir='ltr'><strong>Gegensatz</strong></span> <span class='ocrx_word' id='word_1_510' title='bbox 1300 2750 1341 2772; x_wconf 84' lang='lat' dir='ltr'><strong>zu</strong></span> <span class='ocrx_word' id='word_1_511' title='bbox 1374 2749 1516 2782; x_wconf 86' lang='lat' dir='ltr'><strong>veram,</strong></span> <span class='ocrx_word' id='word_1_512' title='bbox 1549 2738 1618 2773; x_wconf 85' lang='lat' dir='ltr'><strong>wie</strong></span> <span class='ocrx_word' id='word_1_513' title='bbox 1645 2742 1701 2781; x_wconf 86' lang='grc'><strong>28,</strong></span> 
     </span>
     <span class='ocr_line' id='line_1_75' title="bbox 963 2785 1701 2828; baseline 0 -8"><span class='ocrx_word' id='word_1_514' title='bbox 963 2791 1018 2828; x_wconf 83' lang='grc'><strong>25,</strong></span> <span class='ocrx_word' id='word_1_515' title='bbox 1041 2790 1060 2820; x_wconf 90' lang='grc'><strong>2</strong></span> <span class='ocrx_word' id='word_1_516' title='bbox 1088 2787 1162 2820; x_wconf 90' lang='lat' dir='ltr'><strong>und</strong></span> <span class='ocrx_word' id='word_1_517' title='bbox 1189 2786 1253 2820; x_wconf 86' lang='lat' dir='ltr'><strong>oft.</strong></span> <span class='ocrx_word' id='word_1_518' title='bbox 1282 2806 1324 2811; x_wconf 88' lang='lat'><em>-</em></span> <span class='ocrx_word' id='word_1_519' title='bbox 1351 2787 1518 2820; x_wconf 78' lang='lat' dir='ltr'><strong>timidum</strong></span> <span class='ocrx_word' id='word_1_520' title='bbox 1543 2789 1604 2821; x_wconf 74' lang='lat' dir='ltr'><strong>etc.</strong></span> <span class='ocrx_word' id='word_1_521' title='bbox 1632 2785 1701 2820; x_wconf 87' lang='lat' dir='ltr'><strong>wie</strong></span> 
     </span>
     <span class='ocr_line' id='line_1_76' title="bbox 964 2833 1700 2876; baseline -0.003 -8"><span class='ocrx_word' id='word_1_522' title='bbox 964 2846 999 2869; x_wconf 87' lang='lat' dir='ltr'><strong>es</strong></span> <span class='ocrx_word' id='word_1_523' title='bbox 1019 2834 1154 2868; x_wconf 77' lang='lat' dir='ltr'><strong>Fabius</strong></span> <span class='ocrx_word' id='word_1_524' title='bbox 1181 2833 1298 2868; x_wconf 84' lang='lat' dir='ltr'><strong>selbst</strong></span> <span class='ocrx_word' id='word_1_525' title='bbox 1322 2833 1502 2876; x_wconf 79' lang='lat' dir='ltr'><strong>erfahren,</strong></span> <span class='ocrx_word' id='word_1_526' title='bbox 1529 2844 1558 2868; x_wconf 93' lang='lat' dir='ltr'><strong>c.</strong></span> <span class='ocrx_word' id='word_1_527' title='bbox 1576 2837 1629 2876; x_wconf 88' lang='grc'><strong>12,</strong></span> <span class='ocrx_word' id='word_1_528' title='bbox 1647 2837 1700 2867; x_wconf 87' lang='grc'><strong>12.</strong></span> 
     </span>
     <span class='ocr_line' id='line_1_77' title="bbox 964 2879 1701 2925; baseline -0.001 -9"><span class='ocrx_word' id='word_1_529' title='bbox 964 2902 1005 2906; x_wconf 87' lang='lat'>—</span> <span class='ocrx_word' id='word_1_530' title='bbox 1029 2882 1148 2925; x_wconf 72' lang='lat' dir='ltr'><strong>perito</strong></span> <span class='ocrx_word' id='word_1_531' title='bbox 1181 2881 1280 2922; x_wconf 76' lang='lat' dir='ltr'><strong>belli,</strong></span> <span class='ocrx_word' id='word_1_532' title='bbox 1317 2881 1400 2915; x_wconf 88' lang='lat' dir='ltr'><strong>weil</strong></span> <span class='ocrx_word' id='word_1_533' title='bbox 1437 2880 1536 2915; x_wconf 89' lang='lat' dir='ltr'><strong>diese</strong></span> <span class='ocrx_word' id='word_1_534' title='bbox 1568 2879 1701 2925; x_wconf 84' lang='lat' dir='ltr'><strong>Eigen-</strong></span> 
     </span>
    </p>
   </div>
  </div>
 </body>
</html>
