1882 3163
133 119 163 139 a.
184 112 251 138 chr.
275 113 336 138 217.
645 101 791 136 LIBER
816 99 929 137 XXII.
974 101 1077 136 CAP.
1107 103 1160 134 15.
1191 102 1245 134 16.
1653 96 1708 137 27

136 211 301 252 lernum
335 225 359 251 a
391 208 614 263 Campano
658 222 767 263 agro
806 208 974 263 dividit,
1019 208 1111 262 ipse
1155 207 1268 262 iugis
1307 206 1442 248 isdem
1475 206 1709 247 exercitum

134 269 302 311 reducit
327 269 459 310 misso
481 267 750 322 exploratum
774 281 871 309 cum
893 267 1219 321 quadringentis
1247 265 1465 320 equitibus
1492 265 1705 307 sociorum

136 327 182 370 L.
216 328 408 370 Hostilio
434 326 646 369 Mancino.
698 327 786 381 qui,
823 341 875 368 ex
905 325 1034 367 turba
1062 325 1263 366 iuvenum
1289 324 1553 366 audientium
1583 338 1709 378 saepe
1737 327 1757 358 5

136 387 334 429 ferociter
367 386 688 428 contionantem
732 386 988 441 magistrum
1027 383 1245 438 equitum,
1283 397 1537 438 progressus
1569 383 1710 437 primo

137 445 422 500 exploratoris
460 444 605 497 modo,
639 446 687 485 ut
720 459 770 486 ex
801 447 895 486 tuto
930 443 1225 498 specularetur
1255 441 1444 496 hostem,
1476 442 1552 483 ubi
1576 455 1711 497 vagos

136 505 299 559 passim
331 518 408 559 per
437 504 556 545 vicos
582 503 797 545 Numidas
816 503 1039 557 prospexit,
1070 516 1146 556 per
1170 501 1439 543 occasionem
1462 501 1590 542 etiam
1610 515 1711 555 pau-

134 578 208 605 cos
241 562 412 616 occidit,
453 562 671 616 extemplo
705 565 938 617 occupatus
970 561 1200 604 certamine
1234 562 1299 601 est
1330 559 1517 613 animus,
1550 559 1711 601 excide·
1738 565 1758 595 6

137 624 321 677 runtque
365 623 571 676 pracepta
609 621 851 676 dictatoris,
896 621 987 677 qui,
1031 623 1239 675 quantum
1276 620 1372 660 tuto
1410 621 1574 673 posset,
1617 633 1712 673 pro-

136 695 334 736 gressum
388 681 508 735 prius
554 680 742 734 recipere
787 695 879 723 sese
920 681 1121 734 iusserat,
1164 692 1292 733 quam
1336 678 1381 718 in
1430 681 1707 731 conspectum

136 740 326 781 hostium
362 739 536 781 veniret.
586 738 799 782 Numidae
833 741 907 782 alii
934 742 1062 794 atque
1089 738 1163 780 alii
1199 738 1471 779 occursantes
1497 736 1709 791 refugien-
1738 742 1756 773 7

133 801 287 853 tesque
322 798 374 840 ad
408 800 550 840 castra
594 813 727 853 prope
766 800 861 854 ipsa
900 814 997 841 cum
1036 796 1294 853 fatigatione
1333 809 1538 850 equorum
1579 798 1706 850 atque

135 857 360 899 hominum
388 859 644 912 pertraxere.
694 858 793 900 inde
821 858 1044 910 Carthalo,
1076 871 1207 911 penes
1237 869 1362 910 quem
1391 869 1560 896 summa
1586 869 1709 908 eque·
1736 860 1756 891 8

139 917 242 958 stris
274 917 444 970 imperii
477 918 585 970 erat,
627 918 856 959 concitatis
891 917 1010 972 equis
1038 917 1252 968 invectus,
1285 928 1381 956 cum
1407 913 1543 967 prius,
1579 928 1707 967 quam

137 976 192 1017 ad
219 977 459 1017 coniectum
480 975 555 1016 teli
575 976 758 1030 veniret,
791 977 1021 1018 avertisset
1040 975 1199 1028 hostis,
1225 973 1413 1028 quinque
1433 972 1567 1013 ferme
1587 972 1707 1014 milia

134 1035 374 1076 continenti
394 1048 519 1076 cursu
541 1038 711 1077 secutus
733 1039 798 1077 est
818 1036 1039 1091 fugientis.
1086 1033 1326 1085 Mancinus,
1358 1034 1593 1086 postquam
1624 1045 1702 1074 nec
1732 1037 1752 1067 9

135 1093 306 1135 hostem
340 1093 544 1134 desistere
579 1095 698 1148 sequi
731 1110 808 1137 nec
847 1110 967 1149 spem
1005 1094 1113 1136 vidit
1146 1091 1377 1147 effugiendi
1409 1105 1519 1144 esse,
1553 1090 1700 1132 cohor-

135 1155 252 1193 tatus
286 1166 385 1194 suos
418 1153 464 1193 in
495 1153 708 1206 proelium
740 1154 868 1196 rediit
900 1154 1015 1195 omni
1048 1155 1169 1207 parte
1195 1151 1352 1192 virium
1377 1150 1512 1204 inpar.
1560 1149 1704 1203 itaque
1733 1157 1776 1188 10

136 1212 229 1265 ipse
269 1214 311 1252 et
348 1211 502 1253 delecti
543 1212 735 1266 equitum
776 1212 1056 1254 circumventi
1094 1210 1360 1263 occiduntur3
1411 1208 1541 1250 ceteri
1574 1208 1707 1250 effuso

137 1271 323 1322 [rursus]
373 1285 500 1311 cursu
539 1269 663 1312 Cales
703 1272 906 1325 primum,
949 1272 1046 1313 inde
1088 1284 1220 1325 prope
1259 1268 1386 1310 inviis
1429 1268 1609 1309 callibus
1655 1267 1709 1309 ad

134 1329 389 1370 dictatorem
425 1329 715 1384 perfugerunt.

255 1387 320 1429 Eo
358 1388 470 1429 forte
509 1388 574 1429 die
608 1389 822 1431 Minucius
862 1405 906 1432 se
946 1389 1229 1431 coniunxerat
1268 1386 1418 1440 Fabio,
1464 1385 1620 1426 missus
1654 1385 1707 1426 ad
1737 1393 1777 1423 11

134 1446 392 1489 firmandum
430 1447 644 1501 praesidio
688 1449 862 1502 saltum,
909 1449 981 1503 qui
1020 1462 1147 1502 super
1184 1445 1460 1488 Tarracinam
1505 1444 1551 1485 in
1590 1446 1707 1486 artas

136 1509 311 1548 coactus
339 1505 483 1548 fauces
525 1506 707 1549 inminet
747 1508 873 1561 mari,
918 1522 971 1549 ne
1013 1507 1066 1548 ab
1101 1505 1304 1548 Sinuessa
1336 1504 1506 1546 Poenus
1540 1503 1705 1557 Appiae

137 1565 274 1606 limite
306 1565 528 1619 pervenire
562 1566 606 1606 in
641 1579 790 1620 agrurn
819 1566 1063 1608 Romanum
1095 1567 1253 1620 posset.
1316 1563 1557 1605 coniunctis
1590 1577 1706 1603 exer·
1736 1571 1776 1601 12

136 1624 292 1666 citibus
327 1623 510 1665 dictator
546 1639 594 1666 ac
626 1626 835 1680 magister
867 1626 1058 1681 equitum
1097 1626 1239 1666 castra
1272 1623 1316 1664 in
1348 1623 1463 1664 viam
1498 1621 1708 1676 deferunt,

135 1698 222 1737 qua
254 1682 474 1725 Hannibal
514 1683 718 1726 ducturus
759 1687 861 1726 erat.
924 1685 1006 1726 duo
1040 1684 1138 1725 inde
1176 1683 1295 1724 milia
1333 1682 1480 1723 hostes
1515 1680 1708 1722 aberant.

136 1741 318 1783 Postero
353 1741 420 1784 die
452 1742 605 1796 Poeni,
644 1744 757 1798 quod
795 1744 887 1784 viae
920 1744 1031 1785 inter
1063 1743 1167 1784 bina
1198 1744 1340 1783 castra
1378 1742 1488 1793 erat,
1534 1740 1704 1795 agmine
1730 1741 1779 1776 16

138 1802 405 1855 conplevere.
468 1816 562 1842 cum
606 1802 791 1844 Romani
834 1803 912 1844 sub
958 1803 1052 1856 ipso
1093 1801 1390 1843 constitissent
1433 1799 1547 1840 vallo
1593 1799 1707 1840 haud

135 1928 270 1963 beiden
302 1927 502 1963 Stadtteile
535 1928 651 1963 durch
678 1929 749 1964 den
780 1929 881 1964 Fluss

135 1976 327 2020 gehemmt
352 1974 488 2018 werde,
515 1978 577 2018 42,
604 1980 666 2019 39,
694 1980 725 2011 3.
754 1997 798 2001 —
825 1988 881 2011 ex-

131 2023 338 2067 ploratum:
360 2032 430 2056 von
452 2022 592 2056 diesem
610 2023 881 2068 Rekognoscie-

136 2069 420 2113 rungsgefechte
434 2069 499 2103 hat
507 2069 583 2104 Pol.
601 2070 722 2104 nichts
738 2070 881 2105 berich-

135 2118 208 2157 tet3
221 2117 508 2160 quadrinyentis,
518 2116 597 2151 eine
607 2117 801 2152 schwache
810 2118 880 2152 ala.

185 2167 288 2198 5—7.
319 2164 523 2207 qao-ospeoeit,
556 2163 639 2198 weil
673 2165 752 2199 sich
778 2164 880 2199 Man-

135 2209 239 2245 cinus
266 2210 482 2255 anfanglich
508 2210 546 2244 in
574 2211 715 2256 einiger
739 2211 880 2246 Entfer-

133 2269 234 2302 nung
259 2257 370 2300 hielt;
401 2258 512 2299 vidit,
546 2257 614 2292 wie
646 2258 881 2303 gewohnlich

134 2305 286 2349 erganzt
311 2304 414 2348 wird,
441 2305 575 2339 driickt
600 2305 724 2340 diesen
745 2305 887 2350 Begriff

134 2352 240 2387 nicht
276 2363 342 2386 aus
381 2351 455 2386 und
494 2352 612 2386 bildet
644 2353 713 2387 mit
745 2353 883 2387 occidit

133 2398 241 2433 einen
261 2399 567 2441 unangenehmen
588 2399 704 2434 Reim.
721 2420 763 2424 —
784 2401 879 2444 ipsa,

134 2445 210 2480 fast
235 2445 291 2480 bis
325 2445 585 2489 unmittelbar,
625 2447 710 2481 hart
741 2458 789 2482 an
817 2448 882 2482 das

135 2493 268 2537 Lager,
295 2504 324 2527 c.
352 2496 408 2536 45,
435 2497 466 2527 3.
505 2497 561 2535 25,
589 2497 650 2535 34,
678 2498 699 2527 4
726 2495 767 2528 ut
792 2494 882 2538 ipsis

135 2540 372 2584 obequitaret
393 2539 533 2583 castris,
560 2544 616 2581 37,
643 2544 699 2583 42,
728 2545 768 2582 6,
798 2552 881 2585 per-

134 2588 276 2622 trahere
302 2591 358 2629 21,
385 2591 441 2630 54,
469 2591 500 2621 4.

185 2638 310 2669 8—10.
339 2634 434 2676 inde,
456 2645 539 2669 vom
551 2634 672 2677 Lager
689 2645 773 2676 aus;
795 2635 884 2669 oder

135 2681 320 2725 temporal
348 2697 391 2710 =
421 2681 563 2716 deinde.
606 2701 647 2706 —-
688 2682 883 2724 avertisset,

135 2728 248 2762 naml.
270 2728 309 2762 iu
328 2728 464 2772 fugam,
494 2739 522 2762 c.
554 2732 612 2771 19,
637 2732 689 2762 11.
714 2748 756 2753 -
787 2730 885 2762 omni

133 2785 173 2818 p.
201 2775 285 2809 weil
311 2775 406 2809 nach
431 2778 450 2817 ξ
472 2779 490 2809 7
518 2775 632 2810 Rossc
661 2775 737 2809 und
760 2775 885 2810 Reiter

140 2822 330 2866 erschopft
349 2832 471 2856 waren
497 2822 569 2856 und
592 2821 766 2856 Carthalo
787 2822 885 2857 wohl

141 2868 235 2902 auch
261 2869 469 2904 numerisch
497 2868 697 2914 siberlegen
725 2880 811 2904 war.
843 2890 884 2894 —

955 1929 1080 1964 delecti
1106 1941 1154 1973 eq.
1184 1928 1331 1963 werden
1351 1926 1433 1961 hier
1453 1926 1507 1960 als
1535 1925 1616 1960 eine
1639 1926 1708 1961 Art

957 1976 1078 2011 Gai-de
1104 1975 1283 2021 gedacht3
1319 1985 1364 2008 zu
1391 1985 1419 2008 c.
1448 1977 1485 2015 6,
1513 1977 1532 2007 2
1560 1973 1635 2007 und
1662 1985 1707 2007 zu

1004 2070 1064 2114 15,
1081 2069 1234 2104 11—18.
1255 2067 1484 2103 Hannibal
1501 2067 1573 2101 bei
1588 2066 1706 2102 Casi-

956 2117 1096 2151 linum
1124 2116 1526 2161 eingeschlossen;
1560 2114 1707 2149 Rfick-

956 2164 1137 2199 marsch
1164 2163 1278 2198 nach
1302 2161 1516 2207 Apulien:
1546 2161 1614 2196 mit
1640 2161 1705 2196 Be-

956 2212 1119 2256 nfitzung
1145 2222 1219 2246 von
1245 2210 1361 2255 Polyb
1389 2214 1420 2252 3,
1446 2212 1615 2251 92—94,
1642 2220 1702 2243 na-

956 2259 1136 2293 mentlich
1179 2258 1218 2292 in
1263 2258 1327 2292 der
1361 2256 1608 2300 Schilderung
1641 2256 1706 2290 der

956 2305 1156 2350 Kriegslist
1181 2317 1210 2340 c.
1241 2308 1296 2348 16,
1323 2308 1343 2338 6
1364 2304 1400 2337 ff.

1007 2358 1059 2389 11.
1105 2354 1257 2387 saltum:
1295 2351 1354 2386 die
1394 2351 1602 2394 Besetzung
1641 2349 1704 2384 des

956 2400 1087 2435 Passes
1107 2411 1179 2434 von
1200 2398 1361 2433 Lautula
1381 2400 1427 2442 (7,
1443 2401 1498 2439 39,
1513 2400 1547 2440 7)
1563 2396 1706 2430 stimmt

956 2448 1026 2482 mit
1052 2447 1116 2482 der
1142 2446 1404 2489 Auschauung,
1433 2444 1513 2478 dass
1544 2444 1604 2477 ein
1625 2443 1706 2477 Teil

957 2494 1022 2528 der
1061 2494 1268 2538 punischen
1302 2493 1476 2536 Truppen
1510 2491 1600 2524 iiber
1635 2490 1706 2524 den

956 2541 1135 2576 Massicus
1162 2541 1257 2574 nach
1282 2538 1456 2573 Sinuessa
1480 2537 1706 2581 vorgedrun-

958 2599 1028 2632 gen
1056 2599 1147 2629 war;
1175 2599 1218 2620 zu
1246 2598 1275 2621 c.
1300 2590 1353 2628 14,
1378 2590 1407 2619 1.
1440 2605 1481 2609 —
1521 2585 1565 2619 ab
1592 2584 1704 2618 Sinu-

957 2645 1052 2669 essa:
1074 2635 1163 2668 iiber
1183 2633 1379 2667 Mintuma.
1403 2652 1445 2656 —
1472 2632 1688 2666 exercitibus
1697 2645 1707 2664 .-

960 2682 1019 2715 ein
1053 2681 1202 2725 eigenes
1238 2681 1334 2714 Heor
1369 2679 1490 2714 erhalt
1522 2677 1705 2712 Minucius

960 2730 1037 2762 erst
1063 2739 1092 2761 c.
1119 2731 1175 2769 27,
1206 2731 1259 2770 10,
1287 2727 1361 2760 und
1381 2726 1474 2760 auch
1495 2725 1572 2760 Pol.
1596 2729 1628 2768 3,
1649 2729 1704 2768 92,

961 2780 981 2808 4
1009 2774 1110 2809 weiss
1137 2774 1257 2808 nichts
1284 2785 1356 2808 von
1383 2772 1484 2807 einer
1507 2773 1706 2817 Trennung

961 2822 1025 2856 der
1052 2821 1299 2855 Streitkrafte.
1315 2841 1355 2845 -
1376 2821 1467 2862 cluo,
1489 2819 1569 2854 eine
1592 2832 1705 2865 unge-

962 2868 1149 2903 wohnlich
1170 2868 1265 2902 nahe
1284 2867 1435 2902 Distanz
1455 2878 1497 2901 zu
1518 2871 1574 2912 21,
1596 2872 1651 2910 45,
1674 2872 1704 2902 3.
