1882 3163
102 1124 161 1166 24

172 127 228 167 42
615 125 761 161 LIBER
786 125 936 161 XXIIII.
963 125 1063 160 CAP.
1091 129 1146 160 23.
1175 129 1231 160 24.

125 247 146 278 8
174 236 354 290 imperio
396 235 503 288 eius,
548 234 670 276 cuius
701 234 931 286 imperator
964 249 1064 275 suus
1095 233 1290 276 voluerit.

1517 142 1543 160 a.
1570 142 1598 159 u.
1624 142 1648 160 c.
1675 135 1740 162 540.

1351 233 1458 275 velle
1491 233 1545 274 ad
1574 233 1742 275 Hanni-

172 295 314 336 balem
359 294 516 335 redire:
561 296 767 346 ceterum,
812 307 908 334 cum
949 293 1030 334 iter
1069 296 1211 335 tutum
1252 307 1342 334 non
1383 292 1440 334 sit
1480 293 1739 348 vagantibus

173 354 335 409 passim
367 368 442 408 per
473 355 612 394 totam
646 351 835 393 Siciliam
867 352 1091 405 Romanis,
1130 355 1293 406 petere,
1325 353 1373 392 ut
1403 352 1606 406 praesidii
1637 352 1740 394 dent

175 413 352 468 aliquid,
386 427 468 467 quo
501 411 659 453 Locros
693 412 737 453 in
770 411 941 453 Italiam
972 411 1272 466 perducantur.
1322 411 1507 466 gratiam
1539 425 1741 466 magnam

126 483 146 514 9
174 487 245 514 eos
287 487 420 526 parva
461 486 592 525 opera
634 471 745 525 apud
777 470 1067 513 Hannibalem
1098 471 1291 512 inituros.

1353 470 1478 511 facile
1511 485 1578 512 res
1611 470 1743 525 impe-

173 535 309 573 trata:
342 531 458 572 abire
485 531 599 572 enim
633 530 759 572 duces
786 531 926 585 regios
947 544 1041 572 cum
1061 530 1221 584 peritos
1242 529 1433 583 militiae,
1452 531 1544 571 tum
1566 532 1741 585 egentes

179 591 350 633 eosdem
384 593 510 644 atque
537 590 717 631 audaces
744 590 981 644 cupiebant.
1034 590 1106 631 sed
1133 589 1245 644 quod
1271 589 1476 630 volebant
1500 603 1588 630 non
1615 604 1743 644 quam

104 661 147 693 10
173 652 391 692 maturato
432 664 539 704 opus
584 652 676 690 erat
715 649 882 690 naviter
914 649 1207 703 expediebant.

1257 648 1427 689 interim
1458 648 1632 689 iuvenes
1666 648 1742 690 mi-

172 710 319 751 litares
360 712 403 750 et
442 708 608 750 adsueti
647 708 856 749 militibus
894 722 1005 749 nunc
1044 708 1156 762 apud
1193 722 1264 749 eos
1304 708 1438 761 ipsos,
1482 722 1595 749 nunc
1628 707 1742 762 apud

173 769 445 823 transfugas,
478 782 659 822 quorum
691 768 878 808 maxima
910 782 1008 821 pars
1041 781 1091 808 ex
1122 767 1347 808 navalibus
1380 767 1506 808 sociis
1527 766 1742 808 Romano-

174 844 268 870 rum
312 830 422 881 erat,
465 842 579 868 nunc
623 827 752 867 etiam
796 826 908 880 apud
948 826 1122 866 infimae
1163 825 1302 880 plebis
1335 825 1529 867 homines
1563 826 1744 867 crimina

103 898 146 929 11
176 887 376 929 serebant
414 887 460 928 in
499 888 698 927 senatum
738 886 1073 939 optimatesque:
1118 885 1161 926 id
1192 885 1334 926 moliri
1366 885 1476 926 clam
1508 899 1580 926 eos
1614 888 1742 940 atque

176 950 357 1000 struere,
401 951 449 987 ut
489 944 725 999 Syracusae
763 959 839 998 per
881 945 1066 998 speciem
1105 944 1404 985 reconciliatae
1442 944 1658 985 societatis
1697 944 1743 985 in

175 1006 343 1047 dicione
363 1005 658 1046 Romanorum
691 1004 799 1057 sint,
833 1003 930 1044 dein
957 1003 1088 1045 factio
1116 1017 1164 1044 ac
1189 1002 1312 1057 pauci
1339 1005 1531 1044 auctores
1558 1003 1742 1045 foederis

175 1065 369 1107 renovati
401 1064 687 1105 dominentur.

293 1123 373 1165 His
413 1123 633 1164 audiendis
667 1122 968 1176 credendisque
1001 1124 1245 1176 opportuna
1276 1121 1505 1162 multitudo
1539 1121 1674 1163 maior
1700 1122 1745 1162 in

176 1184 264 1225 dies
298 1182 534 1237 Syracusas
573 1181 830 1233 confluebat,
874 1195 951 1222 nec
984 1181 1164 1235 Epicydi
1208 1180 1345 1222 solum
1378 1195 1498 1235 spem
1529 1181 1744 1222 novanda-

129 1254 149 1285 2
175 1258 271 1284 rum
302 1257 443 1283 rerum
477 1241 550 1283 sed
573 1240 885 1283 Andranodoro
919 1241 1047 1281 etiam
1080 1240 1326 1294 praebebat.
1377 1240 1450 1294 qui
1482 1239 1618 1280 fessus
1652 1242 1746 1281 tan-

176 1303 273 1343 dem
294 1302 437 1343 uxoris
464 1301 640 1342 vocibus
667 1301 900 1354 monentis,
927 1314 1040 1340 nunc
1065 1299 1170 1340 illud
1191 1314 1282 1340 esse
1310 1301 1477 1352 tempus
1506 1298 1743 1353 occupandi

175 1376 263 1415 res,
296 1361 396 1402 dum
428 1361 602 1401 turbata
635 1361 780 1401 omnia
812 1374 924 1400 nova
957 1362 1085 1413 atque
1118 1358 1337 1400 incondita
1368 1358 1564 1399 libertate
1591 1361 1745 1412 essent,

175 1490 345 1524 barbaris
363 1510 409 1514 —
423 1486 553 1524 bellum
572 1491 742 1532 yererent,
762 1499 818 1522 wo
839 1499 926 1522 man

175 1538 271 1582 quod
296 1538 344 1571 ob
369 1549 414 1571 m.
435 1536 640 1572 erwartete.
921 1553 923 1555 ·

224 1584 344 1629 cuius]
384 1584 495 1619 n'aml.
532 1584 682 1627 imperio
717 1593 752 1617 se
782 1593 925 1626 parere,

176 1631 246 1666 wie
266 1632 517 1666 Relativsatze
537 1631 598 1665 bei
619 1630 659 1664 L.
681 1630 736 1665 oft
755 1642 819 1664 aus
841 1630 925 1664 dem

176 1679 407 1724 Hauptsatze
422 1691 466 1713 zu
476 1677 820 1722 vervollstandigen
832 1676 924 1711 sind.

225 1754 257 1784 8.
284 1749 418 1784 Locros
443 1751 484 1784 in
510 1749 682 1794 Italiam]
712 1748 777 1782 der
802 1748 924 1782 Latei-

176 1808 242 1831 ner
277 1799 371 1832 setzt
405 1797 463 1832 die
499 1796 721 1840 allgemeine
757 1795 833 1829 und
864 1795 925 1830 be-

179 1844 335 1879 sondere
386 1844 727 1888 Ortsbestimmung
776 1843 815 1877 in
865 1842 925 1877 die

177 1892 323 1936 gleiche
343 1891 624 1936 Abhangigkeit
643 1902 729 1926 vom
743 1890 924 1931 Verbum;

178 1939 246 1973 wir
273 1939 454 1974 Deutsche
492 1939 646 1983 bringen
678 1939 749 1972 den
774 1937 924 1981 allgem.

178 1986 321 2031 Begriff
354 1986 391 2021 in
429 1987 489 2021 ein
522 1985 924 2031 Abhangigkeitsverh.

178 2046 261 2067 zum
296 2034 516 2068 besondern:
559 2034 669 2068 ‘nach
705 2034 744 2069 L.
779 2033 823 2067 in
856 2032 925 2073 J.';

180 2091 219 2114 so
246 2085 309 2124 36,
335 2086 355 2115 3
388 2093 497 2116 naves
520 2082 561 2116 in
586 2092 757 2124 magnum
781 2083 927 2124 portum

181 2128 385 2172 Syracusas
418 2130 604 2163 decurrere
631 2128 685 2161 ‘in
710 2128 781 2161 den
809 2126 927 2160 Hafen

180 2186 269 2209 von
297 2175 347 2210 S?
400 2175 460 2218 23,
486 2180 542 2218 24,
570 2179 589 2209 5
627 2175 788 2209 Teanum
813 2175 854 2207 in
872 2174 925 2207 hi-

180 2223 293 2256 berna
342 2223 390 2256 ad
439 2223 632 2257 eaeercitum
682 2222 774 2256 redit
829 2220 926 2254 ‘zum

182 2269 300 2304 Heere
326 2269 364 2303 in
390 2270 473 2304 den
494 2268 852 2312 Winterquartieren
878 2279 926 2301 zu

181 2316 374 2351 Teanum’.
427 2317 509 2361 Vgl.
538 2321 594 2360 26,
621 2320 653 2350 2.

230 2392 261 2422 9.
288 2388 445 2433 naviter]
483 2399 549 2422 vor
583 2387 725 2421 naviter
758 2385 809 2420 ist
842 2388 925 2428 tam,

181 2435 266 2469 dem
292 2446 399 2479 quam
426 2434 711 2479 entsprechend,
744 2433 928 2477 ausgelas-

183 2494 265 2525 sen,
291 2482 361 2517 wie
388 2482 492 2517 nicht
517 2482 635 2516 selten
661 2493 688 2515 Z.
716 2481 756 2515 Β.
782 2480 843 2522 35,
871 2483 928 2522 49,

184 2534 203 2564 7
237 2530 338 2564 homo
370 2541 443 2563 non
469 2540 576 2574 quam
602 2529 664 2562 isti
689 2531 775 2562 sunt
799 2528 929 2572 91ονίο-

180 2587 255 2611 sus.
305 2576 369 2611 Bei
395 2587 484 2620 opus
509 2580 559 2610 est
584 2578 678 2610 setzt
697 2575 735 2609 L.
757 2575 822 2609 das
840 2574 928 2609 Ver-

183 2624 282 2666 bum,
303 2624 433 2658 dessen
454 2623 672 2667 Thatigkeit
688 2621 930 2665 nothwendig

182 2671 251 2713 ist,
287 2671 371 2705 sehr
403 2670 639 2715 gewohnlich
674 2670 713 2704 in
748 2670 819 2704 den
845 2668 926 2702 Abl.

183 2718 248 2751 des
282 2719 381 2752 Part.
418 2718 534 2760 Pass.;
569 2717 642 2762 vgl.
677 2718 711 2761 1,
738 2720 794 2760 58,
821 2720 841 2750 5
876 2716 931 2749 ita

182 2766 280 2807 facto
314 2769 566 2809 maturatoque
600 2775 691 2808 opus
725 2775 805 2799 esse.
864 2762 931 2796 Rei

186 2812 325 2846 Sallust
358 2813 406 2847 ist
442 2812 519 2846 dies
552 2811 610 2846 die
637 2811 813 2846 stehende
839 2812 930 2844 Aus-

185 2859 432 2893 drucksweise
483 2861 526 2903 (z.
567 2859 605 2894 B.
646 2858 723 2894 Cat.
766 2862 801 2902 1,
841 2862 861 2892 6
900 2860 931 2890 et

179 2907 399 2950 priusquam
424 2907 584 2950 incipias
609 2907 781 2947 consulto,
811 2908 843 2939 et
867 2904 931 2938 ubi

998 1488 1221 1522 consulueris
1254 1490 1395 1521 mature
1426 1486 1522 1528 facto
1555 1496 1645 1530 opus
1670 1487 1744 1531 est),

998 1534 1059 1569 bei
1086 1534 1159 1569 Cic
1187 1534 1316 1568 selten.

1047 1586 1101 1617 10.
1127 1581 1318 1626 militares]
1347 1598 1391 1609 =
1417 1584 1435 1622 ξ
1462 1585 1481 1612 9
1510 1581 1623 1624 periti
1647 1581 1743 1615 mili-

999 1631 1069 1664 tiae
1102 1629 1190 1663 oder
1217 1628 1282 1672 10,
1319 1632 1379 1671 22,
1418 1632 1437 1662 6
1472 1629 1554 1662 nati
1578 1629 1742 1663 militiae.

997 1678 1055 1711 vir
1088 1676 1163 1710 und
1198 1676 1298 1710 homo
1331 1675 1502 1709 militaris
1534 1675 1653 1720 geben
1679 1675 1746 1709 wir

998 1724 1113 1758 durch
1143 1722 1417 1768 ‘Kriegsmann’
1447 1722 1593 1766 wieder,
1620 1722 1745 1757 indem

999 1772 1065 1805 wir
1090 1770 1208 1805 damit
1232 1770 1303 1804 den
1331 1769 1472 1814 Begriff
1494 1769 1558 1804 des
1579 1770 1745 1814 Rauhen,

1000 1818 1157 1852 Stat-ken
1192 1830 1226 1853 u.
1262 1830 1290 1852 s.
1326 1829 1369 1850 w.
1406 1816 1626 1859 verbinden3
1667 1816 1747 1851 hier

997 1867 1059 1900 bei
1102 1866 1247 1899 iuvenes
1284 1865 1357 1899 mil.
1399 1864 1538 1898 drehen
1575 1865 1642 1899 wir
1679 1865 1745 1899 das

997 1912 1228 1947 Verhaltniss
1265 1924 1328 1946 um
1360 1912 1435 1946 und
1468 1923 1582 1956 sagen
1616 1911 1744 1957 ‘junge

998 1960 1179 2005 Krieger’.

1046 2007 1201 2052 adsueti]
1229 2007 1361 2042 ebenso
1388 2010 1443 2050 24,
1470 2009 1502 2047 2,
1530 2018 1555 2042 s.
1582 2018 1626 2040 zu
1652 2009 1684 2050 5,
1711 2010 1745 2042 9.

1046 2056 1169 2089 moliri
1180 2075 1221 2079 —
1232 2053 1383 2098 struere]
1406 2053 1477 2087 den
1493 2053 1746 2098 Bedeutungs-

999 2101 1235 2137 unterschied
1249 2100 1375 2145 zeigen
1390 2100 1450 2143 25,
1471 2104 1528 2143 22,
1548 2105 1567 2135 6
1584 2100 1746 2135 Casilino

999 2150 1122 2184 omnia
1144 2150 1390 2192 deportantem
1411 2148 1677 2191 molientemque
1697 2148 1747 2182 ad

999 2196 1284 2240 oppuynandam
1312 2193 1475 2238 Capuam
1500 2195 1575 2228 und
1601 2194 1662 2236 23,
1688 2198 1746 2237 34,

1000 2248 1019 2277 5
1050 2243 1291 2286 Xenophanes
1316 2242 1542 2275 mendacium
1567 2244 1713 2276 struere.

1050 2294 1104 2323 11.
1131 2290 1188 2334 ac]
1219 2288 1309 2322 ‘und
1335 2288 1459 2322 zwar’

1046 2336 1109 2371 24.
1138 2337 1250 2370 Lhz's
1276 2335 1485 2381 audiendis]
1514 2347 1540 2369 s
1561 2348 1604 2370 zu
1630 2339 1686 2380 29,
1713 2339 1745 2370 4.

1047 2383 1226 2429 Evicydi]
1271 2383 1336 2417 der
1374 2382 1492 2417 Kurze
1531 2394 1659 2427 wegen
1697 2382 1748 2417 ist

999 2444 1068 2465 nur
1104 2431 1205 2465 einer
1236 2432 1418 2474 genannt,
1455 2430 1502 2464 da
1528 2430 1587 2465 die
1615 2429 1746 2464 beiden

1000 2479 1140 2513 Briidei
1180 2478 1219 2512 in
1255 2478 1367 2512 allem
1401 2476 1746 2522 gemeinschaftlich

1002 2526 1203 2571 gehandelt
1233 2537 1274 2559 zu
1309 2525 1430 2559 haben
1463 2524 1651 2567 scheinen3
1688 2528 1745 2568 31,

1002 2578 1022 2608 3
1049 2573 1125 2607 und
1150 2576 1208 2616 35,
1234 2577 1256 2606 4
1282 2572 1416 2606 ebenso
1443 2571 1697 2615 Hippocrates.

1049 2620 1302 2655 novandarum
1327 2618 1462 2664 rerum]
1497 2618 1629 2653 anders
1662 2628 1746 2652 con-

1003 2668 1153 2702 struiert
1177 2671 1196 2708 ξ
1224 2671 1243 2700 2
1270 2666 1346 2700 und
1371 2670 1428 2709 23,
1455 2670 1486 2701 6.

1050 2718 1082 2748 2.
1108 2714 1236 2759 fessus]
1265 2730 1308 2742 =
1334 2714 1522 2757 fatiyatus.

1049 2761 1254 2806 incondita]
1281 2760 1435 2805 vg1.26‚
1462 2762 1559 2803 40,1
1581 2759 1745 2803 primum

1003 2820 1045 2844 ae
1082 2809 1309 2853 potissimum
1340 2808 1499 2841 omnium
1523 2809 1627 2840 ratus
1652 2816 1747 2840 nova

998 2867 1090 2900 pace
1114 2856 1321 2890 inconditas
1347 2864 1552 2898 componere
1575 2863 1640 2887 res.
1678 2852 1746 2887 Die

1004 2902 1334 2947 Unabh'angigkeit
1366 2900 1418 2935 ist
1448 2900 1542 2934 noch
1573 2900 1677 2934 nicht
1707 2900 1746 2933 in
