<?xml version="1.0" encoding="UTF-8"?>
<!DOCTYPE html PUBLIC "-//W3C//DTD XHTML 1.0 Transitional//EN"
    "http://www.w3.org/TR/xhtml1/DTD/xhtml1-transitional.dtd">
<html xmlns="http://www.w3.org/1999/xhtml" xml:lang="en" lang="en">
 <head>
  <title>
</title>
<meta http-equiv="Content-Type" content="text/html;charset=utf-8" />
  <meta name='ocr-system' content='tesseract 3.04.00' />
  <meta name='ocr-capabilities' content='ocr_page ocr_carea ocr_par ocr_line ocrx_word'/>
</head>
<body>
  <div class='ocr_page' id='page_1' title='image "./aburbeconditalib21livyuoft_0208.png"; bbox 0 0 1882 3163; ppageno 0'>
   <div class='ocr_carea' id='block_1_1' title="bbox 183 82 1752 125">
    <p class='ocr_par' dir='ltr' id='par_1_1' title="bbox 183 82 1752 125">
     <span class='ocr_line' id='line_1_1' title="bbox 183 82 1752 125; baseline 0.004 -9"><span class='ocrx_word' id='word_1_1' title='bbox 183 83 240 125; x_wconf 84' lang='lat'>46</span> <span class='ocrx_word' id='word_1_2' title='bbox 657 83 802 118; x_wconf 87' lang='lat' dir='ltr'>LIBER</span> <span class='ocrx_word' id='word_1_3' title='bbox 826 82 938 118; x_wconf 87' lang='lat' dir='ltr'>XXII.</span> <span class='ocrx_word' id='word_1_4' title='bbox 991 83 1091 118; x_wconf 84' lang='lat' dir='ltr'>OAP.</span> <span class='ocrx_word' id='word_1_5' title='bbox 1119 87 1174 120; x_wconf 89' lang='lat'>28.</span> <span class='ocrx_word' id='word_1_6' title='bbox 1203 88 1259 120; x_wconf 85' lang='lat'>29.</span> <span class='ocrx_word' id='word_1_7' title='bbox 1584 103 1612 122; x_wconf 77' lang='lat' dir='ltr'>a.</span> <span class='ocrx_word' id='word_1_8' title='bbox 1634 104 1664 122; x_wconf 89' lang='lat' dir='ltr'>u.</span> <span class='ocrx_word' id='word_1_9' title='bbox 1685 98 1752 123; x_wconf 78' lang='lat'>537.</span> 
     </span>
    </p>
   </div>
   <div class='ocr_carea' id='block_1_2' title="bbox 110 191 1753 1602">
    <p class='ocr_par' dir='ltr' id='par_1_2' title="bbox 110 191 1753 1602">
     <span class='ocr_line' id='line_1_2' title="bbox 183 191 1753 247; baseline 0.001 -13"><span class='ocrx_word' id='word_1_10' title='bbox 183 191 403 247; x_wconf 88' lang='lat' dir='ltr'>pellendos</span> <span class='ocrx_word' id='word_1_11' title='bbox 449 192 548 233; x_wconf 89' lang='lat' dir='ltr'>inde</span> <span class='ocrx_word' id='word_1_12' title='bbox 592 191 731 234; x_wconf 87' lang='lat' dir='ltr'>hostis</span> <span class='ocrx_word' id='word_1_13' title='bbox 779 206 828 232; x_wconf 89' lang='lat' dir='ltr'>ac</span> <span class='ocrx_word' id='word_1_14' title='bbox 870 192 1012 233; x_wconf 90' lang='lat' dir='ltr'>locum</span> <span class='ocrx_word' id='word_1_15' title='bbox 1056 192 1329 247; x_wconf 79' lang='lat' dir='ltr'>capiendum3</span> <span class='ocrx_word' id='word_1_16' title='bbox 1374 192 1457 234; x_wconf 86' lang='lat' dir='ltr'>dux</span> <span class='ocrx_word' id='word_1_17' title='bbox 1501 193 1593 247; x_wconf 87' lang='lat' dir='ltr'>ipse</span> <span class='ocrx_word' id='word_1_18' title='bbox 1638 195 1753 236; x_wconf 86' lang='lat' dir='ltr'>inter</span> 
     </span>
     <span class='ocr_line' id='line_1_3' title="bbox 185 250 1750 305; baseline 0.001 -13"><span class='ocrx_word' id='word_1_19' title='bbox 185 251 488 293; x_wconf 88' lang='lat' dir='ltr'>stolidissimos</span> <span class='ocrx_word' id='word_1_20' title='bbox 526 250 899 305; x_wconf 88' lang='lat' dir='ltr'>ferocissimosque</span> <span class='ocrx_word' id='word_1_21' title='bbox 939 250 991 292; x_wconf 87' lang='lat' dir='ltr'>ad</span> <span class='ocrx_word' id='word_1_22' title='bbox 1032 265 1153 292; x_wconf 87' lang='lat' dir='ltr'>arma</span> <span class='ocrx_word' id='word_1_23' title='bbox 1190 255 1332 305; x_wconf 88' lang='lat' dir='ltr'>vocat,</span> <span class='ocrx_word' id='word_1_24' title='bbox 1377 255 1419 292; x_wconf 92' lang='lat' dir='ltr'>et</span> <span class='ocrx_word' id='word_1_25' title='bbox 1455 252 1578 293; x_wconf 87' lang='lat' dir='ltr'>vanis</span> <span class='ocrx_word' id='word_1_26' title='bbox 1619 253 1750 295; x_wconf 86' lang='lat' dir='ltr'>minis</span> 
     </span>
     <span class='ocr_line' id='line_1_4' title="bbox 114 309 1748 365; baseline 0.001 -14"><span class='ocrx_word' id='word_1_27' title='bbox 114 320 157 351; x_wconf 87' lang='lat'>10</span> <span class='ocrx_word' id='word_1_28' title='bbox 184 310 377 364; x_wconf 78' lang='lat' dir='ltr'>increpat</span> <span class='ocrx_word' id='word_1_29' title='bbox 401 309 582 352; x_wconf 88' lang='lat' dir='ltr'>hostem.</span> <span class='ocrx_word' id='word_1_30' title='bbox 639 309 852 363; x_wconf 88' lang='lat' dir='ltr'>principio</span> <span class='ocrx_word' id='word_1_31' title='bbox 878 309 1016 351; x_wconf 87' lang='lat' dir='ltr'>levem</span> <span class='ocrx_word' id='word_1_32' title='bbox 1042 312 1306 351; x_wconf 86' lang='lat' dir='ltr'>armaturam</span> <span class='ocrx_word' id='word_1_33' title='bbox 1335 310 1568 365; x_wconf 88' lang='lat' dir='ltr'>[dimittit],</span> <span class='ocrx_word' id='word_1_34' title='bbox 1595 311 1748 353; x_wconf 90' lang='lat' dir='ltr'>deinde</span> 
     </span>
     <span class='ocr_line' id='line_1_5' title="bbox 184 368 1749 424; baseline 0.001 -14"><span class='ocrx_word' id='word_1_35' title='bbox 184 369 375 410; x_wconf 87' lang='lat' dir='ltr'>conferto</span> <span class='ocrx_word' id='word_1_36' title='bbox 403 368 574 423; x_wconf 80' lang='lat' dir='ltr'>agmine</span> <span class='ocrx_word' id='word_1_37' title='bbox 600 369 736 410; x_wconf 87' lang='lat' dir='ltr'>mittit</span> <span class='ocrx_word' id='word_1_38' title='bbox 761 368 945 422; x_wconf 81' lang='lat' dir='ltr'>equites3</span> <span class='ocrx_word' id='word_1_39' title='bbox 975 371 1206 422; x_wconf 88' lang='lat' dir='ltr'>postremo,</span> <span class='ocrx_word' id='word_1_40' title='bbox 1232 383 1328 410; x_wconf 88' lang='lat' dir='ltr'>cum</span> <span class='ocrx_word' id='word_1_41' title='bbox 1353 368 1552 411; x_wconf 81' lang='lat' dir='ltr'>hostibus</span> <span class='ocrx_word' id='word_1_42' title='bbox 1579 384 1749 424; x_wconf 89' lang='lat' dir='ltr'>quoque</span> 
     </span>
     <span class='ocr_line' id='line_1_6' title="bbox 113 427 1747 482; baseline 0.001 -13"><span class='ocrx_word' id='word_1_43' title='bbox 113 438 155 469; x_wconf 85' lang='lat'>11</span> <span class='ocrx_word' id='word_1_44' title='bbox 185 428 376 470; x_wconf 90' lang='lat' dir='ltr'>subsidia</span> <span class='ocrx_word' id='word_1_45' title='bbox 407 427 518 468; x_wconf 88' lang='lat' dir='ltr'>mitti</span> <span class='ocrx_word' id='word_1_46' title='bbox 553 427 735 481; x_wconf 88' lang='lat' dir='ltr'>videret,</span> <span class='ocrx_word' id='word_1_47' title='bbox 765 427 986 469; x_wconf 89' lang='lat' dir='ltr'>instructis</span> <span class='ocrx_word' id='word_1_48' title='bbox 1019 427 1261 482; x_wconf 85' lang='lat' dir='ltr'>legionibus</span> <span class='ocrx_word' id='word_1_49' title='bbox 1293 427 1497 482; x_wconf 74' lang='lat' dir='ltr'>procedit.</span> <span class='ocrx_word' id='word_1_50' title='bbox 1559 433 1601 469; x_wconf 93' lang='lat' dir='ltr'>et</span> <span class='ocrx_word' id='word_1_51' title='bbox 1632 428 1747 470; x_wconf 87' lang='lat' dir='ltr'>Han-</span> 
     </span>
     <span class='ocr_line' id='line_1_7' title="bbox 182 486 1751 541; baseline 0 -13"><span class='ocrx_word' id='word_1_52' title='bbox 182 487 303 528; x_wconf 86' lang='lat' dir='ltr'>nibal</span> <span class='ocrx_word' id='word_1_53' title='bbox 335 486 632 528; x_wconf 76' lang='lat' dir='ltr'>laborantibus</span> <span class='ocrx_word' id='word_1_54' title='bbox 665 486 753 528; x_wconf 89' lang='lat' dir='ltr'>suis</span> <span class='ocrx_word' id='word_1_55' title='bbox 786 486 871 527; x_wconf 87' lang='lat' dir='ltr'>alia</span> <span class='ocrx_word' id='word_1_56' title='bbox 904 488 1032 540; x_wconf 89' lang='lat' dir='ltr'>atque</span> <span class='ocrx_word' id='word_1_57' title='bbox 1065 486 1167 539; x_wconf 88' lang='lat' dir='ltr'>alia,</span> <span class='ocrx_word' id='word_1_58' title='bbox 1210 486 1472 528; x_wconf 80' lang='lat' dir='ltr'>increscente</span> <span class='ocrx_word' id='word_1_59' title='bbox 1505 488 1751 541; x_wconf 83' lang='lat' dir='ltr'>certamine,</span> 
     </span>
     <span class='ocr_line' id='line_1_8' title="bbox 182 545 1751 600; baseline 0 -13"><span class='ocrx_word' id='word_1_60' title='bbox 182 546 358 587; x_wconf 88' lang='lat' dir='ltr'>mittens</span> <span class='ocrx_word' id='word_1_61' title='bbox 375 545 534 587; x_wconf 86' lang='lat' dir='ltr'>auxilia</span> <span class='ocrx_word' id='word_1_62' title='bbox 552 545 743 599; x_wconf 87' lang='lat' dir='ltr'>peditum</span> <span class='ocrx_word' id='word_1_63' title='bbox 765 545 1039 600; x_wconf 86' lang='lat' dir='ltr'>equitumque</span> <span class='ocrx_word' id='word_1_64' title='bbox 1059 545 1145 586; x_wconf 90' lang='lat' dir='ltr'>iam</span> <span class='ocrx_word' id='word_1_65' title='bbox 1160 545 1319 586; x_wconf 88' lang='lat' dir='ltr'>iustam</span> <span class='ocrx_word' id='word_1_66' title='bbox 1336 546 1582 599; x_wconf 85' lang='lat' dir='ltr'>expleverat</span> <span class='ocrx_word' id='word_1_67' title='bbox 1602 546 1751 600; x_wconf 81' lang='lat' dir='ltr'>aciem,</span> 
     </span>
     <span class='ocr_line' id='line_1_9' title="bbox 114 604 1749 659; baseline 0.001 -13"><span class='ocrx_word' id='word_1_68' title='bbox 114 615 154 646; x_wconf 86' lang='grc'>12</span> <span class='ocrx_word' id='word_1_69' title='bbox 183 619 232 646; x_wconf 89' lang='lat' dir='ltr'>ac</span> <span class='ocrx_word' id='word_1_70' title='bbox 263 605 367 646; x_wconf 89' lang='lat' dir='ltr'>totis</span> <span class='ocrx_word' id='word_1_71' title='bbox 400 605 614 659; x_wconf 81' lang='lat' dir='ltr'>utrimque</span> <span class='ocrx_word' id='word_1_72' title='bbox 646 604 808 645; x_wconf 86' lang='lat' dir='ltr'>viribus</span> <span class='ocrx_word' id='word_1_73' title='bbox 842 606 1039 645; x_wconf 83' lang='lat' dir='ltr'>certatur.</span> <span class='ocrx_word' id='word_1_74' title='bbox 1101 604 1240 657; x_wconf 88' lang='lat' dir='ltr'>prima</span> <span class='ocrx_word' id='word_1_75' title='bbox 1272 604 1378 645; x_wconf 87' lang='lat' dir='ltr'>levis</span> <span class='ocrx_word' id='word_1_76' title='bbox 1412 608 1631 646; x_wconf 85' lang='lat' dir='ltr'>armatura</span> <span class='ocrx_word' id='word_1_77' title='bbox 1662 604 1749 647; x_wconf 84' lang='lat' dir='ltr'>Ro-</span> 
     </span>
     <span class='ocr_line' id='line_1_10' title="bbox 182 662 1748 718; baseline -0.001 -12"><span class='ocrx_word' id='word_1_78' title='bbox 182 678 425 718; x_wconf 89' lang='lat' dir='ltr'>manorum,</span> <span class='ocrx_word' id='word_1_79' title='bbox 457 665 816 718; x_wconf 87' lang='lat' dir='ltr'>praeoccupatum</span> <span class='ocrx_word' id='word_1_80' title='bbox 843 677 888 704; x_wconf 72' lang='lat' dir='ltr'>cx</span> <span class='ocrx_word' id='word_1_81' title='bbox 913 662 1114 703; x_wconf 88' lang='lat' dir='ltr'>inferiore</span> <span class='ocrx_word' id='word_1_82' title='bbox 1141 663 1234 704; x_wconf 91' lang='lat' dir='ltr'>loco</span> <span class='ocrx_word' id='word_1_83' title='bbox 1263 663 1492 705; x_wconf 86' lang='lat' dir='ltr'>succedens</span> <span class='ocrx_word' id='word_1_84' title='bbox 1518 664 1748 716; x_wconf 89' lang='lat' dir='ltr'>tumulum,</span> 
     </span>
     <span class='ocr_line' id='line_1_11' title="bbox 181 721 1750 778; baseline -0.001 -13"><span class='ocrx_word' id='word_1_85' title='bbox 181 724 308 778; x_wconf 87' lang='lat' dir='ltr'>pulsa</span> <span class='ocrx_word' id='word_1_86' title='bbox 339 722 597 777; x_wconf 87' lang='lat' dir='ltr'>detrusaque</span> <span class='ocrx_word' id='word_1_87' title='bbox 628 724 836 763; x_wconf 86' lang='lat' dir='ltr'>terrorem</span> <span class='ocrx_word' id='word_1_88' title='bbox 873 722 919 762; x_wconf 91' lang='lat' dir='ltr'>in</span> <span class='ocrx_word' id='word_1_89' title='bbox 958 721 1255 764; x_wconf 82' lang='lat' dir='ltr'>succedentem</span> <span class='ocrx_word' id='word_1_90' title='bbox 1295 722 1443 763; x_wconf 87' lang='lat' dir='ltr'>intulit</span> <span class='ocrx_word' id='word_1_91' title='bbox 1485 723 1670 777; x_wconf 86' lang='lat' dir='ltr'>equitem</span> <span class='ocrx_word' id='word_1_92' title='bbox 1705 725 1750 764; x_wconf 91' lang='lat' dir='ltr'>et</span> 
     </span>
     <span class='ocr_line' id='line_1_12' title="bbox 113 780 1750 837; baseline -0.001 -13"><span class='ocrx_word' id='word_1_93' title='bbox 113 793 155 824; x_wconf 89' lang='lat'>13</span> <span class='ocrx_word' id='word_1_94' title='bbox 183 782 235 824; x_wconf 90' lang='lat' dir='ltr'>ad</span> <span class='ocrx_word' id='word_1_95' title='bbox 269 782 394 837; x_wconf 85' lang='lat' dir='ltr'>signa</span> <span class='ocrx_word' id='word_1_96' title='bbox 425 782 644 836; x_wconf 85' lang='lat' dir='ltr'>legionum</span> <span class='ocrx_word' id='word_1_97' title='bbox 675 780 846 835; x_wconf 80' lang='lat' dir='ltr'>refugit.</span> <span class='ocrx_word' id='word_1_98' title='bbox 907 780 1099 834; x_wconf 88' lang='lat' dir='ltr'>peditum</span> <span class='ocrx_word' id='word_1_99' title='bbox 1132 780 1244 822; x_wconf 90' lang='lat' dir='ltr'>acies</span> <span class='ocrx_word' id='word_1_100' title='bbox 1283 781 1395 822; x_wconf 86' lang='lat' dir='ltr'>inter</span> <span class='ocrx_word' id='word_1_101' title='bbox 1436 781 1655 835; x_wconf 87' lang='lat' dir='ltr'>perculsos</span> <span class='ocrx_word' id='word_1_102' title='bbox 1687 781 1750 822; x_wconf 89' lang='lat' dir='ltr'>in-</span> 
     </span>
     <span class='ocr_line' id='line_1_13' title="bbox 181 839 1751 896; baseline -0.001 -13"><span class='ocrx_word' id='word_1_103' title='bbox 181 841 338 896; x_wconf 84' lang='lat' dir='ltr'>pavida</span> <span class='ocrx_word' id='word_1_104' title='bbox 376 841 468 882; x_wconf 89' lang='lat' dir='ltr'>sola</span> <span class='ocrx_word' id='word_1_105' title='bbox 507 842 616 894; x_wconf 87' lang='lat' dir='ltr'>erat,</span> <span class='ocrx_word' id='word_1_106' title='bbox 653 839 979 894; x_wconf 81' lang='lat' dir='ltr'>videbaturque,</span> <span class='ocrx_word' id='word_1_107' title='bbox 1023 839 1058 880; x_wconf 90' lang='lat' dir='ltr'>si</span> <span class='ocrx_word' id='word_1_108' title='bbox 1095 839 1209 880; x_wconf 86' lang='lat' dir='ltr'>iusta</span> <span class='ocrx_word' id='word_1_109' title='bbox 1247 853 1296 881; x_wconf 85' lang='lat' dir='ltr'>ac</span> <span class='ocrx_word' id='word_1_110' title='bbox 1337 840 1409 892; x_wconf 88' lang='lat' dir='ltr'>[si]</span> <span class='ocrx_word' id='word_1_111' title='bbox 1448 842 1565 881; x_wconf 88' lang='lat' dir='ltr'>recta</span> <span class='ocrx_word' id='word_1_112' title='bbox 1603 854 1751 895; x_wconf 84' lang='lat' dir='ltr'>pugna</span> 
     </span>
     <span class='ocr_line' id='line_1_14' title="bbox 183 898 1751 955; baseline -0.001 -13"><span class='ocrx_word' id='word_1_113' title='bbox 183 902 309 955; x_wconf 86' lang='lat' dir='ltr'>esset,</span> <span class='ocrx_word' id='word_1_114' title='bbox 357 899 688 954; x_wconf 84' lang='lat' dir='ltr'>haudquaquam</span> <span class='ocrx_word' id='word_1_115' title='bbox 727 899 851 953; x_wconf 87' lang='lat' dir='ltr'>inpar</span> <span class='ocrx_word' id='word_1_116' title='bbox 892 898 1054 938; x_wconf 86' lang='lat' dir='ltr'>futura:</span> <span class='ocrx_word' id='word_1_117' title='bbox 1098 899 1269 938; x_wconf 85' lang='lat' dir='ltr'>tantum</span> <span class='ocrx_word' id='word_1_118' title='bbox 1310 898 1550 940; x_wconf 88' lang='lat' dir='ltr'>animorum</span> <span class='ocrx_word' id='word_1_119' title='bbox 1588 899 1751 940; x_wconf 85' lang='lat' dir='ltr'>fecerat</span> 
     </span>
     <span class='ocr_line' id='line_1_15' title="bbox 113 956 1748 1014; baseline -0.001 -14"><span class='ocrx_word' id='word_1_120' title='bbox 113 969 157 1000; x_wconf 76' lang='lat'>14</span> <span class='ocrx_word' id='word_1_121' title='bbox 182 973 385 1014; x_wconf 87' lang='lat' dir='ltr'>prospere</span> <span class='ocrx_word' id='word_1_122' title='bbox 419 961 518 999; x_wconf 88' lang='lat' dir='ltr'>ante</span> <span class='ocrx_word' id='word_1_123' title='bbox 551 971 710 1012; x_wconf 85' lang='lat' dir='ltr'>paucos</span> <span class='ocrx_word' id='word_1_124' title='bbox 744 957 833 998; x_wconf 88' lang='lat' dir='ltr'>dies</span> <span class='ocrx_word' id='word_1_125' title='bbox 865 971 932 998; x_wconf 88' lang='lat' dir='ltr'>res</span> <span class='ocrx_word' id='word_1_126' title='bbox 966 958 1103 1011; x_wconf 83' lang='lat' dir='ltr'>gesta3</span> <span class='ocrx_word' id='word_1_127' title='bbox 1147 956 1219 997; x_wconf 89' lang='lat' dir='ltr'>sed</span> <span class='ocrx_word' id='word_1_128' title='bbox 1259 957 1396 998; x_wconf 84' lang='lat' dir='ltr'>exorti</span> <span class='ocrx_word' id='word_1_129' title='bbox 1432 961 1608 1012; x_wconf 81' lang='lat' dir='ltr'>repente</span> <span class='ocrx_word' id='word_1_130' title='bbox 1646 958 1748 999; x_wconf 88' lang='lat' dir='ltr'>insi-</span> 
     </span>
     <span class='ocr_line' id='line_1_16' title="bbox 183 1015 1748 1070; baseline -0.001 -11"><span class='ocrx_word' id='word_1_131' title='bbox 183 1018 370 1060; x_wconf 86' lang='lat' dir='ltr'>diatores</span> <span class='ocrx_word' id='word_1_132' title='bbox 415 1032 510 1059; x_wconf 90' lang='lat' dir='ltr'>eum</span> <span class='ocrx_word' id='word_1_133' title='bbox 553 1017 784 1057; x_wconf 86' lang='lat' dir='ltr'>tumultum</span> <span class='ocrx_word' id='word_1_134' title='bbox 829 1019 1121 1069; x_wconf 90' lang='lat' dir='ltr'>terroremque</span> <span class='ocrx_word' id='word_1_135' title='bbox 1164 1015 1208 1056; x_wconf 92' lang='lat' dir='ltr'>in</span> <span class='ocrx_word' id='word_1_136' title='bbox 1257 1015 1393 1057; x_wconf 89' lang='lat' dir='ltr'>latera</span> <span class='ocrx_word' id='word_1_137' title='bbox 1436 1017 1648 1070; x_wconf 87' lang='lat' dir='ltr'>utrimque</span> <span class='ocrx_word' id='word_1_138' title='bbox 1694 1017 1748 1058; x_wconf 87' lang='lat' dir='ltr'>ab</span> 
     </span>
     <span class='ocr_line' id='line_1_17' title="bbox 181 1074 1748 1132; baseline -0.001 -14"><span class='ocrx_word' id='word_1_139' title='bbox 181 1079 387 1132; x_wconf 83' lang='lat' dir='ltr'>tergoque</span> <span class='ocrx_word' id='word_1_140' title='bbox 428 1077 696 1117; x_wconf 85' lang='lat' dir='ltr'>incursantes</span> <span class='ocrx_word' id='word_1_141' title='bbox 734 1074 943 1128; x_wconf 84' lang='lat' dir='ltr'>fecerunt,</span> <span class='ocrx_word' id='word_1_142' title='bbox 988 1076 1035 1114; x_wconf 85' lang='lat' dir='ltr'>ut</span> <span class='ocrx_word' id='word_1_143' title='bbox 1078 1087 1214 1127; x_wconf 85' lang='lat' dir='ltr'>neque</span> <span class='ocrx_word' id='word_1_144' title='bbox 1260 1074 1427 1115; x_wconf 89' lang='lat' dir='ltr'>animus</span> <span class='ocrx_word' id='word_1_145' title='bbox 1465 1074 1518 1115; x_wconf 89' lang='lat' dir='ltr'>ad</span> <span class='ocrx_word' id='word_1_146' title='bbox 1557 1088 1748 1129; x_wconf 82' lang='lat' dir='ltr'>pugnam</span> 
     </span>
     <span class='ocr_line' id='line_1_18' title="bbox 110 1132 1747 1190; baseline 0.001 -16"><span class='ocrx_word' id='word_1_147' title='bbox 110 1139 160 1175; x_wconf 83' lang='grc'>29</span> <span class='ocrx_word' id='word_1_148' title='bbox 182 1149 320 1190; x_wconf 90' lang='lat' dir='ltr'>neque</span> <span class='ocrx_word' id='word_1_149' title='bbox 354 1134 406 1176; x_wconf 88' lang='lat' dir='ltr'>ad</span> <span class='ocrx_word' id='word_1_150' title='bbox 433 1135 581 1189; x_wconf 84' lang='lat' dir='ltr'>fugam</span> <span class='ocrx_word' id='word_1_151' title='bbox 609 1148 705 1188; x_wconf 89' lang='lat' dir='ltr'>spes</span> <span class='ocrx_word' id='word_1_152' title='bbox 739 1133 936 1187; x_wconf 87' lang='lat' dir='ltr'>cuiquam</span> <span class='ocrx_word' id='word_1_153' title='bbox 969 1135 1222 1187; x_wconf 86' lang='lat' dir='ltr'>superesset.</span> <span class='ocrx_word' id='word_1_154' title='bbox 1286 1132 1395 1174; x_wconf 89' lang='lat' dir='ltr'>Tum</span> <span class='ocrx_word' id='word_1_155' title='bbox 1421 1132 1580 1174; x_wconf 88' lang='lat' dir='ltr'>Fabius</span> <span class='ocrx_word' id='word_1_156' title='bbox 1607 1134 1747 1188; x_wconf 85' lang='lat' dir='ltr'>primo</span> 
     </span>
     <span class='ocr_line' id='line_1_19' title="bbox 185 1191 1749 1247; baseline -0.001 -11"><span class='ocrx_word' id='word_1_157' title='bbox 185 1195 370 1236; x_wconf 85' lang='lat' dir='ltr'>clamore</span> <span class='ocrx_word' id='word_1_158' title='bbox 402 1193 652 1247; x_wconf 85' lang='lat' dir='ltr'>paventium</span> <span class='ocrx_word' id='word_1_159' title='bbox 685 1192 849 1246; x_wconf 89' lang='lat' dir='ltr'>audito,</span> <span class='ocrx_word' id='word_1_160' title='bbox 882 1191 980 1232; x_wconf 85' lang='lat' dir='ltr'>dein</span> <span class='ocrx_word' id='word_1_161' title='bbox 1013 1194 1240 1245; x_wconf 87' lang='lat' dir='ltr'>conspecta</span> <span class='ocrx_word' id='word_1_162' title='bbox 1272 1192 1422 1245; x_wconf 91' lang='lat' dir='ltr'>procul</span> <span class='ocrx_word' id='word_1_163' title='bbox 1447 1193 1622 1234; x_wconf 88' lang='lat' dir='ltr'>turbata</span> <span class='ocrx_word' id='word_1_164' title='bbox 1648 1193 1749 1246; x_wconf 89' lang='lat' dir='ltr'>acie,</span> 
     </span>
     <span class='ocr_line' id='line_1_20' title="bbox 181 1250 1750 1308; baseline -0.001 -14"><span class='ocrx_word' id='word_1_165' title='bbox 181 1254 268 1308; x_wconf 89' lang='lat' dir='ltr'>„ita</span> <span class='ocrx_word' id='word_1_166' title='bbox 300 1252 392 1294; x_wconf 85' lang='lat' dir='ltr'>est“</span> <span class='ocrx_word' id='word_1_167' title='bbox 429 1252 584 1307; x_wconf 84' lang='lat' dir='ltr'>inquit,</span> <span class='ocrx_word' id='word_1_168' title='bbox 623 1266 736 1306; x_wconf 88' lang='lat' dir='ltr'>„non</span> <span class='ocrx_word' id='word_1_169' title='bbox 775 1250 951 1292; x_wconf 90' lang='lat' dir='ltr'>celerius</span> <span class='ocrx_word' id='word_1_170' title='bbox 991 1265 1118 1304; x_wconf 90' lang='lat' dir='ltr'>quam</span> <span class='ocrx_word' id='word_1_171' title='bbox 1159 1250 1283 1291; x_wconf 89' lang='lat' dir='ltr'>timui</span> <span class='ocrx_word' id='word_1_172' title='bbox 1317 1250 1543 1305; x_wconf 88' lang='lat' dir='ltr'>deprendit</span> <span class='ocrx_word' id='word_1_173' title='bbox 1573 1251 1750 1293; x_wconf 85' lang='lat' dir='ltr'>fortuna</span> 
     </span>
     <span class='ocr_line' id='line_1_21' title="bbox 136 1308 1748 1364; baseline -0.001 -10"><span class='ocrx_word' id='word_1_174' title='bbox 136 1317 156 1348; x_wconf 81' lang='lat'>2</span> <span class='ocrx_word' id='word_1_175' title='bbox 182 1312 484 1354; x_wconf 88' lang='lat' dir='ltr'>temeritatem.</span> <span class='ocrx_word' id='word_1_176' title='bbox 546 1310 680 1352; x_wconf 87' lang='lat' dir='ltr'>Fabio</span> <span class='ocrx_word' id='word_1_177' title='bbox 720 1312 926 1364; x_wconf 90' lang='lat' dir='ltr'>aequatus</span> <span class='ocrx_word' id='word_1_178' title='bbox 964 1309 1144 1363; x_wconf 88' lang='lat' dir='ltr'>imperio</span> <span class='ocrx_word' id='word_1_179' title='bbox 1182 1308 1473 1351; x_wconf 85' lang='lat' dir='ltr'>Hannibalem</span> <span class='ocrx_word' id='word_1_180' title='bbox 1515 1312 1557 1351; x_wconf 90' lang='lat' dir='ltr'>et</span> <span class='ocrx_word' id='word_1_181' title='bbox 1591 1311 1748 1353; x_wconf 88' lang='lat' dir='ltr'>virtute</span> 
     </span>
     <span class='ocr_line' id='line_1_22' title="bbox 184 1367 1749 1424; baseline -0.001 -11"><span class='ocrx_word' id='word_1_182' title='bbox 184 1374 226 1414; x_wconf 90' lang='lat' dir='ltr'>et</span> <span class='ocrx_word' id='word_1_183' title='bbox 256 1371 434 1413; x_wconf 87' lang='lat' dir='ltr'>fortuna</span> <span class='ocrx_word' id='word_1_184' title='bbox 466 1370 729 1424; x_wconf 87' lang='lat' dir='ltr'>superiorem</span> <span class='ocrx_word' id='word_1_185' title='bbox 762 1368 890 1411; x_wconf 87' lang='lat' dir='ltr'>videt.</span> <span class='ocrx_word' id='word_1_186' title='bbox 953 1367 1026 1409; x_wconf 90' lang='lat' dir='ltr'>sed</span> <span class='ocrx_word' id='word_1_187' title='bbox 1064 1368 1179 1410; x_wconf 87' lang='lat' dir='ltr'>aliud</span> <span class='ocrx_word' id='word_1_188' title='bbox 1217 1368 1416 1423; x_wconf 84' lang='lat' dir='ltr'>iurgandi</span> <span class='ocrx_word' id='word_1_189' title='bbox 1456 1369 1749 1411; x_wconf 89' lang='lat' dir='ltr'>succensendi—</span> 
     </span>
     <span class='ocr_line' id='line_1_23' title="bbox 182 1427 1749 1485; baseline -0.002 -13"><span class='ocrx_word' id='word_1_190' title='bbox 182 1445 263 1485; x_wconf 89' lang='lat' dir='ltr'>que</span> <span class='ocrx_word' id='word_1_191' title='bbox 295 1433 465 1485; x_wconf 88' lang='lat' dir='ltr'>tempus</span> <span class='ocrx_word' id='word_1_192' title='bbox 499 1430 601 1482; x_wconf 77' lang='lat' dir='ltr'>erit,</span> <span class='ocrx_word' id='word_1_193' title='bbox 634 1442 746 1470; x_wconf 90' lang='lat' dir='ltr'>nunc</span> <span class='ocrx_word' id='word_1_194' title='bbox 780 1429 904 1483; x_wconf 84' lang='lat' dir='ltr'>signa</span> <span class='ocrx_word' id='word_1_195' title='bbox 936 1429 1057 1468; x_wconf 86' lang='lat' dir='ltr'>extra</span> <span class='ocrx_word' id='word_1_196' title='bbox 1082 1427 1243 1468; x_wconf 90' lang='lat' dir='ltr'>vallum</span> <span class='ocrx_word' id='word_1_197' title='bbox 1275 1427 1482 1481; x_wconf 85' lang='lat' dir='ltr'>proferte:</span> <span class='ocrx_word' id='word_1_198' title='bbox 1521 1428 1749 1470; x_wconf 88' lang='lat' dir='ltr'>victoriam</span> 
     </span>
     <span class='ocr_line' id='line_1_24' title="bbox 135 1486 1751 1542; baseline -0.002 -11"><span class='ocrx_word' id='word_1_199' title='bbox 135 1494 154 1524; x_wconf 87' lang='lat'><strong>3</strong></span> <span class='ocrx_word' id='word_1_200' title='bbox 180 1489 297 1531; x_wconf 89' lang='lat' dir='ltr'>hosti</span> <span class='ocrx_word' id='word_1_201' title='bbox 324 1492 672 1542; x_wconf 84' lang='lat' dir='ltr'>extorqueamus,</span> <span class='ocrx_word' id='word_1_202' title='bbox 698 1487 1012 1528; x_wconf 85' lang='lat' dir='ltr'>confessionem</span> <span class='ocrx_word' id='word_1_203' title='bbox 1039 1486 1195 1527; x_wconf 89' lang='lat' dir='ltr'>erroris</span> <span class='ocrx_word' id='word_1_204' title='bbox 1223 1486 1425 1528; x_wconf 82' lang='lat' dir='ltr'>civibus“.</span> <span class='ocrx_word' id='word_1_205' title='bbox 1475 1487 1560 1528; x_wconf 88' lang='lat' dir='ltr'>iam</span> <span class='ocrx_word' id='word_1_206' title='bbox 1588 1501 1751 1542; x_wconf 83' lang='lat' dir='ltr'>magna</span> 
     </span>
     <span class='ocr_line' id='line_1_25' title="bbox 182 1545 1749 1602; baseline -0.001 -13"><span class='ocrx_word' id='word_1_207' title='bbox 182 1563 231 1589; x_wconf 84' lang='lat' dir='ltr'>ex</span> <span class='ocrx_word' id='word_1_208' title='bbox 265 1551 386 1602; x_wconf 88' lang='lat' dir='ltr'>parte</span> <span class='ocrx_word' id='word_1_209' title='bbox 420 1547 555 1588; x_wconf 88' lang='lat' dir='ltr'>caesis</span> <span class='ocrx_word' id='word_1_210' title='bbox 591 1547 702 1601; x_wconf 87' lang='lat' dir='ltr'>aliis,</span> <span class='ocrx_word' id='word_1_211' title='bbox 743 1546 838 1587; x_wconf 91' lang='lat' dir='ltr'>aliis</span> <span class='ocrx_word' id='word_1_212' title='bbox 879 1545 1336 1598; x_wconf 85' lang='lat' dir='ltr'>circumspectantibus</span> <span class='ocrx_word' id='word_1_213' title='bbox 1376 1545 1525 1600; x_wconf 86' lang='lat' dir='ltr'>fugam</span> <span class='ocrx_word' id='word_1_214' title='bbox 1557 1546 1749 1587; x_wconf 82' lang='lat' dir='ltr'>Fabiana</span> 
     </span>
    </p>
   </div>
   <div class='ocr_carea' id='block_1_3' title="bbox 1000 1683 1747 1822">
    <p class='ocr_par' dir='ltr' id='par_1_3' title="bbox 1000 1683 1747 1822">
     <span class='ocr_line' id='line_1_26' title="bbox 1000 1683 1747 1720; baseline 0.004 -3"><span class='ocrx_word' id='word_1_215' title='bbox 1000 1683 1192 1718; x_wconf 88' lang='lat' dir='ltr'>wohnheit</span> <span class='ocrx_word' id='word_1_216' title='bbox 1236 1695 1307 1718; x_wconf 90' lang='lat' dir='ltr'>von</span> <span class='ocrx_word' id='word_1_217' title='bbox 1351 1684 1462 1718; x_wconf 88' lang='lat' dir='ltr'>ihnen</span> <span class='ocrx_word' id='word_1_218' title='bbox 1507 1684 1567 1718; x_wconf 87' lang='lat' dir='ltr'>ist.</span> <span class='ocrx_word' id='word_1_219' title='bbox 1614 1704 1658 1710; x_wconf 89' lang='lat'>—-</span> <span class='ocrx_word' id='word_1_220' title='bbox 1700 1685 1747 1720; x_wconf 88' lang='lat' dir='ltr'>ab</span> 
     </span>
     <span class='ocr_line' id='line_1_27' title="bbox 1000 1729 1747 1775; baseline 0.001 -10"><span class='ocrx_word' id='word_1_221' title='bbox 1000 1735 1176 1775; x_wconf 76' lang='lat' dir='ltr'>teryoque,</span> <span class='ocrx_word' id='word_1_222' title='bbox 1204 1731 1287 1765; x_wconf 88' lang='lat' dir='ltr'>weil</span> <span class='ocrx_word' id='word_1_223' title='bbox 1307 1729 1345 1764; x_wconf 93' lang='lat' dir='ltr'>L.</span> <span class='ocrx_word' id='word_1_224' title='bbox 1369 1731 1439 1765; x_wconf 88' lang='lat' dir='ltr'>den</span> <span class='ocrx_word' id='word_1_225' title='bbox 1460 1731 1747 1775; x_wconf 73' lang='lat' dir='ltr'>Prapositionen</span> 
     </span>
     <span class='ocr_line' id='line_1_28' title="bbox 1000 1777 1746 1822; baseline 0.003 -11"><span class='ocrx_word' id='word_1_226' title='bbox 1000 1789 1032 1820; x_wconf 87' lang='lat' dir='ltr'>a,</span> <span class='ocrx_word' id='word_1_227' title='bbox 1059 1777 1117 1820; x_wconf 86' lang='lat' dir='ltr'>ab,</span> <span class='ocrx_word' id='word_1_228' title='bbox 1144 1778 1203 1820; x_wconf 92' lang='lat' dir='ltr'>ad,</span> <span class='ocrx_word' id='word_1_229' title='bbox 1230 1789 1326 1820; x_wconf 89' lang='lat' dir='ltr'>cum,</span> <span class='ocrx_word' id='word_1_230' title='bbox 1348 1788 1392 1812; x_wconf 81' lang='lat' dir='ltr'>ex</span> <span class='ocrx_word' id='word_1_231' title='bbox 1411 1778 1570 1812; x_wconf 89' lang='lat' dir='ltr'>niemals</span> <span class='ocrx_word' id='word_1_232' title='bbox 1591 1789 1661 1822; x_wconf 91' lang='lat' dir='ltr'>que</span> <span class='ocrx_word' id='word_1_233' title='bbox 1684 1789 1746 1813; x_wconf 84' lang='lat' dir='ltr'>an-</span> 
     </span>
    </p>
   </div>
   <div class='ocr_carea' id='block_1_4' title="bbox 179 1684 926 1823">
    <p class='ocr_par' dir='ltr' id='par_1_4' title="bbox 179 1684 926 1823">
     <span class='ocr_line' id='line_1_29' title="bbox 180 1684 926 1730; baseline -0.007 -8"><span class='ocrx_word' id='word_1_234' title='bbox 180 1688 431 1722; x_wconf 73' lang='lat' dir='ltr'>stolidissimos</span> <span class='ocrx_word' id='word_1_235' title='bbox 474 1687 537 1730; x_wconf 82' lang='lat' dir='ltr'>ser.</span> <span class='ocrx_word' id='word_1_236' title='bbox 577 1686 674 1720; x_wconf 88' lang='lat' dir='ltr'>nahe</span> <span class='ocrx_word' id='word_1_237' title='bbox 712 1684 926 1719; x_wconf 83' lang='lat' dir='ltr'>verwandte</span> 
     </span>
     <span class='ocr_line' id='line_1_30' title="bbox 181 1732 925 1779; baseline -0.005 -10"><span class='ocrx_word' id='word_1_238' title='bbox 181 1734 354 1779; x_wconf 83' lang='lat' dir='ltr'>Begriffe,</span> <span class='ocrx_word' id='word_1_239' title='bbox 383 1738 414 1777; x_wconf 98' lang='lat'>7,</span> <span class='ocrx_word' id='word_1_240' title='bbox 435 1737 468 1776; x_wconf 86' lang='lat'>5,</span> <span class='ocrx_word' id='word_1_241' title='bbox 490 1738 510 1768; x_wconf 82' lang='lat'>6</span> <span class='ocrx_word' id='word_1_242' title='bbox 532 1733 667 1768; x_wconf 85' lang='lat' dir='ltr'>stolide</span> <span class='ocrx_word' id='word_1_243' title='bbox 693 1732 864 1767; x_wconf 84' lang='lat' dir='ltr'>ferocem.</span> <span class='ocrx_word' id='word_1_244' title='bbox 882 1752 925 1755; x_wconf 97' lang='lat'><strong>—</strong></span> 
     </span>
     <span class='ocr_line' id='line_1_31' title="bbox 179 1779 926 1823; baseline -0.007 -6"><span class='ocrx_word' id='word_1_245' title='bbox 179 1783 285 1817; x_wconf 82' lang='lat' dir='ltr'>vanis</span> <span class='ocrx_word' id='word_1_246' title='bbox 308 1782 436 1823; x_wconf 80' lang='lat' dir='ltr'>minis,</span> <span class='ocrx_word' id='word_1_247' title='bbox 468 1785 502 1823; x_wconf 89' lang='lat'>4,</span> <span class='ocrx_word' id='word_1_248' title='bbox 528 1784 585 1823; x_wconf 92' lang='lat'>22,</span> <span class='ocrx_word' id='word_1_249' title='bbox 612 1784 643 1815; x_wconf 87' lang='grc'>6.</span> <span class='ocrx_word' id='word_1_250' title='bbox 672 1780 758 1814; x_wconf 86' lang='lat' dir='ltr'>Tac.</span> <span class='ocrx_word' id='word_1_251' title='bbox 779 1779 871 1812; x_wconf 90' lang='lat' dir='ltr'>Ann.</span> <span class='ocrx_word' id='word_1_252' title='bbox 894 1783 926 1821; x_wconf 83' lang='lat'>6,</span> 
     </span>
    </p>
   </div>
   <div class='ocr_carea' id='block_1_5' title="bbox 178 1826 926 2906">
    <p class='ocr_par' dir='ltr' id='par_1_5' title="bbox 179 1826 926 2238">
     <span class='ocr_line' id='line_1_32' title="bbox 181 1826 925 1874; baseline -0.007 -10"><span class='ocrx_word' id='word_1_253' title='bbox 181 1833 222 1863; x_wconf 91' lang='grc'>31</span> <span class='ocrx_word' id='word_1_254' title='bbox 245 1840 311 1874; x_wconf 91' lang='lat' dir='ltr'>per</span> <span class='ocrx_word' id='word_1_255' title='bbox 331 1827 649 1872; x_wconf 87' lang='lat' dir='ltr'>vaniloquentiam</span> <span class='ocrx_word' id='word_1_256' title='bbox 671 1828 708 1861; x_wconf 89' lang='lat' dir='ltr'>et</span> <span class='ocrx_word' id='word_1_257' title='bbox 727 1826 857 1860; x_wconf 64' lang='lat' dir='ltr'>minas</span> <span class='ocrx_word' id='word_1_258' title='bbox 881 1845 925 1850; x_wconf 89' lang='lat'>——</span> 
     </span>
     <span class='ocr_line' id='line_1_33' title="bbox 179 1874 923 1916; baseline -0.007 -5"><span class='ocrx_word' id='word_1_259' title='bbox 179 1878 394 1911; x_wconf 72' lang='lat' dir='ltr'>increscente</span> <span class='ocrx_word' id='word_1_260' title='bbox 420 1876 631 1916; x_wconf 75' lang='lat' dir='ltr'>certamine,</span> <span class='ocrx_word' id='word_1_261' title='bbox 666 1874 734 1908; x_wconf 89' lang='lat' dir='ltr'>wie</span> <span class='ocrx_word' id='word_1_262' title='bbox 763 1877 817 1915; x_wconf 84' lang='lat'>10,</span> <span class='ocrx_word' id='word_1_263' title='bbox 845 1877 877 1915; x_wconf 88' lang='lat'>5,</span> <span class='ocrx_word' id='word_1_264' title='bbox 904 1876 923 1906; x_wconf 86' lang='lat'>2</span> 
     </span>
     <span class='ocr_line' id='line_1_34' title="bbox 179 1921 925 1962; baseline -0.005 -4"><span class='ocrx_word' id='word_1_265' title='bbox 179 1924 320 1958; x_wconf 82' lang='lat' dir='ltr'>clamor</span> <span class='ocrx_word' id='word_1_266' title='bbox 351 1923 398 1957; x_wconf 86' lang='lat' dir='ltr'>ab</span> <span class='ocrx_word' id='word_1_267' title='bbox 429 1922 518 1956; x_wconf 85' lang='lat' dir='ltr'>incr.</span> <span class='ocrx_word' id='word_1_268' title='bbox 552 1926 640 1956; x_wconf 88' lang='lat' dir='ltr'>cert.</span> <span class='ocrx_word' id='word_1_269' title='bbox 683 1941 726 1946; x_wconf 89' lang='lat'>—</span> <span class='ocrx_word' id='word_1_270' title='bbox 765 1921 925 1962; x_wconf 80' lang='lat' dir='ltr'>detrusa,</span> 
     </span>
     <span class='ocr_line' id='line_1_35' title="bbox 180 1967 926 2013; baseline -0.007 -8"><span class='ocrx_word' id='word_1_271' title='bbox 180 1976 235 2013; x_wconf 86' lang='lat'>33,</span> <span class='ocrx_word' id='word_1_272' title='bbox 258 1975 290 2013; x_wconf 89' lang='lat'>7,</span> <span class='ocrx_word' id='word_1_273' title='bbox 313 1974 367 2013; x_wconf 92' lang='grc'>13,</span> <span class='ocrx_word' id='word_1_274' title='bbox 394 1970 428 2004; x_wconf 91' lang='lat' dir='ltr'>b.</span> <span class='ocrx_word' id='word_1_275' title='bbox 450 1969 553 2005; x_wconf 85' lang='lat' dir='ltr'>Alex.</span> <span class='ocrx_word' id='word_1_276' title='bbox 580 1973 636 2011; x_wconf 83' lang='lat'>76,</span> <span class='ocrx_word' id='word_1_277' title='bbox 663 1967 926 2002; x_wconf 73' lang='lat' dir='ltr'>militarischer</span> 
     </span>
     <span class='ocr_line' id='line_1_36' title="bbox 180 2014 925 2058; baseline -0.007 -6"><span class='ocrx_word' id='word_1_278' title='bbox 180 2017 489 2052; x_wconf 82' lang='lat' dir='ltr'>Kunstausdruck</span> <span class='ocrx_word' id='word_1_279' title='bbox 511 2017 603 2050; x_wconf 86' lang='lat' dir='ltr'>statt</span> <span class='ocrx_word' id='word_1_280' title='bbox 622 2015 685 2049; x_wconf 83' lang='lat' dir='ltr'>(les</span> <span class='ocrx_word' id='word_1_281' title='bbox 711 2014 925 2058; x_wconf 67' lang='lat' dir='ltr'>haufigeren</span> 
     </span>
     <span class='ocr_line' id='line_1_37' title="bbox 180 2061 924 2105; baseline -0.004 -7"><span class='ocrx_word' id='word_1_282' title='bbox 180 2065 267 2098; x_wconf 88' lang='lat' dir='ltr'>aber</span> <span class='ocrx_word' id='word_1_283' title='bbox 306 2064 402 2099; x_wconf 87' lang='lat' dir='ltr'>auch</span> <span class='ocrx_word' id='word_1_284' title='bbox 446 2064 723 2105; x_wconf 77' lang='lat' dir='ltr'>schwacheren,</span> <span class='ocrx_word' id='word_1_285' title='bbox 768 2061 924 2102; x_wconf 86' lang='lat' dir='ltr'>deicere,</span> 
     </span>
     <span class='ocr_line' id='line_1_38' title="bbox 180 2110 923 2155; baseline -0.007 -10"><span class='ocrx_word' id='word_1_286' title='bbox 180 2111 382 2155; x_wconf 86' lang='lat' dir='ltr'>depellere,</span> <span class='ocrx_word' id='word_1_287' title='bbox 419 2110 632 2151; x_wconf 86' lang='lat' dir='ltr'>deturbare,</span> <span class='ocrx_word' id='word_1_288' title='bbox 666 2120 695 2142; x_wconf 90' lang='lat' dir='ltr'>c.</span> <span class='ocrx_word' id='word_1_289' title='bbox 723 2112 785 2151; x_wconf 89' lang='lat'>2,4</span> <span class='ocrx_word' id='word_1_290' title='bbox 815 2112 844 2141; x_wconf 95' lang='lat'>7.</span> <span class='ocrx_word' id='word_1_291' title='bbox 880 2127 923 2131; x_wconf 87' lang='lat'>——</span> 
     </span>
     <span class='ocr_line' id='line_1_39' title="bbox 179 2154 924 2206; baseline -0.007 -14"><span class='ocrx_word' id='word_1_292' title='bbox 179 2158 436 2206; x_wconf 76' lang='lat' dir='ltr'>succedentem,</span> <span class='ocrx_word' id='word_1_293' title='bbox 469 2155 744 2190; x_wconf 83' lang='lat' dir='ltr'>unabsichtlich</span> <span class='ocrx_word' id='word_1_294' title='bbox 770 2154 924 2188; x_wconf 85' lang='lat' dir='ltr'>wieder-</span> 
     </span>
     <span class='ocr_line' id='line_1_40' title="bbox 180 2204 288 2238; baseline 0 0"><span class='ocrx_word' id='word_1_295' title='bbox 180 2204 288 2238; x_wconf 89' lang='lat' dir='ltr'>holt.</span> 
     </span>
    </p>

    <p class='ocr_par' dir='ltr' id='par_1_6' title="bbox 178 2247 923 2906">
     <span class='ocr_line' id='line_1_41' title="bbox 230 2247 919 2293; baseline -0.007 -8"><span class='ocrx_word' id='word_1_296' title='bbox 230 2255 286 2287; x_wconf 89' lang='lat'>13.</span> <span class='ocrx_word' id='word_1_297' title='bbox 301 2255 354 2285; x_wconf 86' lang='lat'>14.</span> <span class='ocrx_word' id='word_1_298' title='bbox 376 2251 485 2291; x_wconf 79' lang='lat' dir='ltr'>iusta,</span> <span class='ocrx_word' id='word_1_299' title='bbox 512 2249 591 2284; x_wconf 85' lang='lat' dir='ltr'>eine</span> <span class='ocrx_word' id='word_1_300' title='bbox 612 2247 837 2293; x_wconf 80' lang='lat' dir='ltr'>planm&#39;assig</span> <span class='ocrx_word' id='word_1_301' title='bbox 858 2258 919 2291; x_wconf 85' lang='lat' dir='ltr'>ge-</span> 
     </span>
     <span class='ocr_line' id='line_1_42' title="bbox 179 2294 918 2340; baseline -0.008 -7"><span class='ocrx_word' id='word_1_302' title='bbox 179 2298 308 2333; x_wconf 85' lang='lat' dir='ltr'>leitete</span> <span class='ocrx_word' id='word_1_303' title='bbox 335 2297 522 2340; x_wconf 75' lang='lat' dir='ltr'>Sohlacht,</span> <span class='ocrx_word' id='word_1_304' title='bbox 549 2296 755 2340; x_wconf 84' lang='lat' dir='ltr'>Gcgensatz</span> <span class='ocrx_word' id='word_1_305' title='bbox 781 2294 918 2328; x_wconf 86' lang='lat' dir='ltr'>tumul-</span> 
     </span>
     <span class='ocr_line' id='line_1_43' title="bbox 178 2340 920 2387; baseline -0.008 -8"><span class='ocrx_word' id='word_1_306' title='bbox 178 2345 301 2380; x_wconf 87' lang='lat' dir='ltr'>tuaria</span> <span class='ocrx_word' id='word_1_307' title='bbox 332 2348 511 2387; x_wconf 87' lang='lat' dir='ltr'>c.41,1;</span> <span class='ocrx_word' id='word_1_308' title='bbox 548 2346 663 2384; x_wconf 15' lang='lat' dir='ltr'>omeeta</span> <span class='ocrx_word' id='word_1_309' title='bbox 701 2352 807 2375; x_wconf 88' lang='lat' dir='ltr'>wenn</span> <span class='ocrx_word' id='word_1_310' title='bbox 842 2340 920 2374; x_wconf 90' lang='lat' dir='ltr'>sich</span> 
     </span>
     <span class='ocr_line' id='line_1_44' title="bbox 179 2388 921 2435; baseline -0.008 -8"><span class='ocrx_word' id='word_1_311' title='bbox 179 2393 268 2427; x_wconf 85' lang='lat' dir='ltr'>zwei</span> <span class='ocrx_word' id='word_1_312' title='bbox 276 2392 437 2427; x_wconf 87' lang='lat' dir='ltr'>Fronten</span> <span class='ocrx_word' id='word_1_313' title='bbox 451 2390 661 2435; x_wconf 83' lang='lat' dir='ltr'>gegemiber</span> <span class='ocrx_word' id='word_1_314' title='bbox 665 2388 806 2429; x_wconf 85' lang='lat' dir='ltr'>stehen,</span> <span class='ocrx_word' id='word_1_315' title='bbox 817 2388 921 2422; x_wconf 87' lang='lat' dir='ltr'>nicht</span> 
     </span>
     <span class='ocr_line' id='line_1_45' title="bbox 180 2434 922 2480; baseline -0.008 -6"><span class='ocrx_word' id='word_1_316' title='bbox 180 2440 274 2474; x_wconf 85' lang='lat' dir='ltr'>auch</span> <span class='ocrx_word' id='word_1_317' title='bbox 294 2438 435 2473; x_wconf 83' lang='lat' dir='ltr'>Flanke</span> <span class='ocrx_word' id='word_1_318' title='bbox 455 2438 529 2472; x_wconf 88' lang='lat' dir='ltr'>und</span> <span class='ocrx_word' id='word_1_319' title='bbox 549 2437 703 2471; x_wconf 78' lang='lat' dir='ltr'>Rficken</span> <span class='ocrx_word' id='word_1_320' title='bbox 727 2434 922 2480; x_wconf 84' lang='lat' dir='ltr'>gleichzei-</span> 
     </span>
     <span class='ocr_line' id='line_1_46' title="bbox 178 2484 921 2532; baseline -0.008 -11"><span class='ocrx_word' id='word_1_321' title='bbox 178 2487 234 2532; x_wconf 81' lang='lat' dir='ltr'>tig</span> <span class='ocrx_word' id='word_1_322' title='bbox 258 2485 487 2531; x_wconf 87' lang='lat' dir='ltr'>angegriffen</span> <span class='ocrx_word' id='word_1_323' title='bbox 508 2484 667 2527; x_wconf 84' lang='lat' dir='ltr'>werden,</span> <span class='ocrx_word' id='word_1_324' title='bbox 693 2487 749 2525; x_wconf 85' lang='lat'>35,</span> <span class='ocrx_word' id='word_1_325' title='bbox 770 2486 802 2525; x_wconf 88' lang='lat'>4,</span> <span class='ocrx_word' id='word_1_326' title='bbox 826 2486 854 2516; x_wconf 93' lang='lat'>7.</span> <span class='ocrx_word' id='word_1_327' title='bbox 878 2501 921 2505; x_wconf 94' lang='lat'>——</span> 
     </span>
     <span class='ocr_line' id='line_1_47' title="bbox 178 2510 922 2579; baseline -0.011 -10"><span class='ocrx_word' id='word_1_328' title='bbox 178 2535 460 2579; x_wconf 77' lang='lat' dir='ltr'>haudquaquam</span> <span class='ocrx_word' id='word_1_329' title='bbox 485 2533 610 2576; x_wconf 77' lang='lat' dir='ltr'>inpar,</span> <span class='ocrx_word' id='word_1_330' title='bbox 646 2510 757 2564; x_wconf 56' lang='grc'>11111111.</span> <span class='ocrx_word' id='word_1_331' title='bbox 784 2539 922 2573; x_wconf 83' lang='lat' dir='ltr'>pugna,</span> 
     </span>
     <span class='ocr_line' id='line_1_48' title="bbox 179 2576 923 2620; baseline -0.009 -5"><span class='ocrx_word' id='word_1_332' title='bbox 179 2581 283 2615; x_wconf 88' lang='lat' dir='ltr'>nicht</span> <span class='ocrx_word' id='word_1_333' title='bbox 307 2592 375 2614; x_wconf 90' lang='lat' dir='ltr'>nur</span> <span class='ocrx_word' id='word_1_334' title='bbox 403 2577 738 2620; x_wconf 82' lang='lat' dir='ltr'>‘unentschieden’,</span> <span class='ocrx_word' id='word_1_335' title='bbox 764 2576 923 2611; x_wconf 85' lang='lat' dir='ltr'>sondern</span> 
     </span>
     <span class='ocr_line' id='line_1_49' title="bbox 180 2625 920 2672; baseline -0.009 -10"><span class='ocrx_word' id='word_1_336' title='bbox 180 2638 287 2672; x_wconf 85' lang='lat' dir='ltr'>sogar</span> <span class='ocrx_word' id='word_1_337' title='bbox 325 2627 494 2671; x_wconf 73' lang='lat' dir='ltr'>gunstig,</span> <span class='ocrx_word' id='word_1_338' title='bbox 534 2637 564 2660; x_wconf 88' lang='lat' dir='ltr'>c.</span> <span class='ocrx_word' id='word_1_339' title='bbox 593 2629 647 2669; x_wconf 85' lang='grc'>18,</span> <span class='ocrx_word' id='word_1_340' title='bbox 674 2629 705 2658; x_wconf 90' lang='grc'>4</span> <span class='ocrx_word' id='word_1_341' title='bbox 746 2625 920 2665; x_wconf 89' lang='grc'>28,15,1</span> 
     </span>
     <span class='ocr_line' id='line_1_50' title="bbox 178 2669 921 2727; baseline -0.008 -19"><span class='ocrx_word' id='word_1_342' title='bbox 178 2674 315 2727; x_wconf 67' lang='lat' dir='ltr'>haudq,</span> <span class='ocrx_word' id='word_1_343' title='bbox 336 2686 404 2718; x_wconf 89' lang='lat' dir='ltr'>par</span> <span class='ocrx_word' id='word_1_344' title='bbox 429 2684 555 2718; x_wconf 86' lang='lat' dir='ltr'>pugna</span> <span class='ocrx_word' id='word_1_345' title='bbox 580 2689 625 2700; x_wconf 93' lang='lat'><strong><em>=</em></strong></span> <span class='ocrx_word' id='word_1_346' title='bbox 651 2671 798 2714; x_wconf 79' lang='lat' dir='ltr'>iniqua,</span> <span class='ocrx_word' id='word_1_347' title='bbox 826 2669 921 2704; x_wconf 86' lang='lat' dir='ltr'>doch</span> 
     </span>
     <span class='ocr_line' id='line_1_51' title="bbox 180 2718 922 2766; baseline -0.009 -10"><span class='ocrx_word' id='word_1_348' title='bbox 180 2722 279 2756; x_wconf 87' lang='lat' dir='ltr'>kann</span> <span class='ocrx_word' id='word_1_349' title='bbox 304 2721 412 2766; x_wconf 86' lang='lat' dir='ltr'>inpar</span> <span class='ocrx_word' id='word_1_350' title='bbox 437 2722 533 2755; x_wconf 84' lang='lat' dir='ltr'>auch</span> <span class='ocrx_word' id='word_1_351' title='bbox 557 2719 625 2754; x_wconf 88' lang='lat' dir='ltr'>auf</span> <span class='ocrx_word' id='word_1_352' title='bbox 641 2718 738 2753; x_wconf 82' lang='lat' dir='ltr'>acies</span> <span class='ocrx_word' id='word_1_353' title='bbox 759 2718 922 2760; x_wconf 86' lang='lat' dir='ltr'>bezogen</span> 
     </span>
     <span class='ocr_line' id='line_1_52' title="bbox 180 2763 923 2803; baseline -0.008 -1"><span class='ocrx_word' id='word_1_354' title='bbox 180 2768 336 2803; x_wconf 85' lang='lat' dir='ltr'>werden.</span> <span class='ocrx_word' id='word_1_355' title='bbox 366 2789 407 2792; x_wconf 97' lang='lat'><strong>—</strong></span> <span class='ocrx_word' id='word_1_356' title='bbox 434 2767 668 2802; x_wconf 78' lang='lat' dir='ltr'>insidiatores</span> <span class='ocrx_word' id='word_1_357' title='bbox 694 2765 759 2799; x_wconf 85' lang='lat' dir='ltr'>hat</span> <span class='ocrx_word' id='word_1_358' title='bbox 784 2763 822 2798; x_wconf 93' lang='lat' dir='ltr'>L</span> <span class='ocrx_word' id='word_1_359' title='bbox 850 2773 923 2797; x_wconf 90' lang='lat' dir='ltr'>von</span> 
     </span>
     <span class='ocr_line' id='line_1_53' title="bbox 180 2809 922 2858; baseline -0.008 -9"><span class='ocrx_word' id='word_1_360' title='bbox 180 2815 251 2849; x_wconf 87' lang='lat' dir='ltr'>den</span> <span class='ocrx_word' id='word_1_361' title='bbox 282 2814 441 2849; x_wconf 88' lang='lat' dir='ltr'>Puniern</span> <span class='ocrx_word' id='word_1_362' title='bbox 475 2813 698 2858; x_wconf 85' lang='lat' dir='ltr'>gebraucht,</span> <span class='ocrx_word' id='word_1_363' title='bbox 735 2811 821 2845; x_wconf 87' lang='lat' dir='ltr'>weil</span> <span class='ocrx_word' id='word_1_364' title='bbox 857 2809 922 2844; x_wconf 83' lang='lat' dir='ltr'>das</span> 
     </span>
     <span class='ocr_line' id='line_1_54' title="bbox 181 2856 921 2906; baseline -0.007 -11"><span class='ocrx_word' id='word_1_365' title='bbox 181 2860 304 2906; x_wconf 86' lang='lat' dir='ltr'>Legcn</span> <span class='ocrx_word' id='word_1_366' title='bbox 336 2872 407 2896; x_wconf 88' lang='lat' dir='ltr'>von</span> <span class='ocrx_word' id='word_1_367' title='bbox 439 2859 700 2896; x_wconf 86' lang='lat' dir='ltr'>Hinterhalten</span> <span class='ocrx_word' id='word_1_368' title='bbox 740 2858 819 2892; x_wconf 86' lang='lat' dir='ltr'>eine</span> <span class='ocrx_word' id='word_1_369' title='bbox 853 2856 921 2891; x_wconf 84' lang='lat' dir='ltr'>Ge-</span> 
     </span>
    </p>
   </div>
   <div class='ocr_carea' id='block_1_6' title="bbox 991 1825 1748 2899">
    <p class='ocr_par' dir='ltr' id='par_1_7' title="bbox 998 1825 1747 1915">
     <span class='ocr_line' id='line_1_55' title="bbox 999 1825 1747 1868; baseline 0.003 -10"><span class='ocrx_word' id='word_1_370' title='bbox 999 1825 1132 1868; x_wconf 72' lang='lat' dir='ltr'>hangt3</span> <span class='ocrx_word' id='word_1_371' title='bbox 1166 1837 1209 1859; x_wconf 91' lang='lat' dir='ltr'>zu</span> <span class='ocrx_word' id='word_1_372' title='bbox 1244 1835 1272 1858; x_wconf 87' lang='lat' dir='ltr'>c.</span> <span class='ocrx_word' id='word_1_373' title='bbox 1302 1828 1357 1868; x_wconf 84' lang='lat'>17,</span> <span class='ocrx_word' id='word_1_374' title='bbox 1385 1829 1416 1859; x_wconf 88' lang='lat'>2.</span> <span class='ocrx_word' id='word_1_375' title='bbox 1445 1829 1501 1868; x_wconf 91' lang='lat'>23,</span> <span class='ocrx_word' id='word_1_376' title='bbox 1529 1828 1587 1868; x_wconf 86' lang='lat'>43,</span> <span class='ocrx_word' id='word_1_377' title='bbox 1615 1829 1634 1860; x_wconf 92' lang='grc'>7</span> <span class='ocrx_word' id='word_1_378' title='bbox 1663 1836 1747 1860; x_wconf 85' lang='lat' dir='ltr'>cum</span> 
     </span>
     <span class='ocr_line' id='line_1_56' title="bbox 998 1872 1197 1915; baseline 0.005 -10"><span class='ocrx_word' id='word_1_379' title='bbox 998 1872 1197 1915; x_wconf 85' lang='lat' dir='ltr'>firmisque.</span> 
     </span>
    </p>

    <p class='ocr_par' dir='ltr' id='par_1_8' title="bbox 991 1918 1748 2899">
     <span class='ocr_line' id='line_1_57' title="bbox 1046 1918 1748 1964; baseline 0 -11"><span class='ocrx_word' id='word_1_380' title='bbox 1046 1918 1105 1960; x_wconf 80' lang='grc'>29,</span> <span class='ocrx_word' id='word_1_381' title='bbox 1149 1923 1247 1953; x_wconf 90' lang='grc'>1-3.</span> <span class='ocrx_word' id='word_1_382' title='bbox 1293 1919 1347 1953; x_wconf 83' lang='lat' dir='ltr'>ita</span> <span class='ocrx_word' id='word_1_383' title='bbox 1385 1922 1452 1962; x_wconf 84' lang='lat' dir='ltr'>est,</span> <span class='ocrx_word' id='word_1_384' title='bbox 1497 1918 1748 1964; x_wconf 81' lang='lat' dir='ltr'>Best&#39;atigung</span> 
     </span>
     <span class='ocr_line' id='line_1_58' title="bbox 1001 1964 1746 2010; baseline 0 -10"><span class='ocrx_word' id='word_1_385' title='bbox 1001 1966 1099 2000; x_wconf 85' lang='lat' dir='ltr'>eines</span> <span class='ocrx_word' id='word_1_386' title='bbox 1126 1966 1237 2000; x_wconf 85' lang='lat' dir='ltr'>schon</span> <span class='ocrx_word' id='word_1_387' title='bbox 1263 1964 1390 2000; x_wconf 69' lang='grc'>11111161-</span> <span class='ocrx_word' id='word_1_388' title='bbox 1410 1968 1454 2010; x_wconf 83' lang='grc'>(6.</span> <span class='ocrx_word' id='word_1_389' title='bbox 1480 1969 1536 2009; x_wconf 86' lang='grc'>27,</span> <span class='ocrx_word' id='word_1_390' title='bbox 1559 1966 1593 2009; x_wconf 90' lang='grc'>8)</span> <span class='ocrx_word' id='word_1_391' title='bbox 1615 1977 1746 2010; x_wconf 86' lang='lat' dir='ltr'>ausge-</span> 
     </span>
     <span class='ocr_line' id='line_1_59' title="bbox 999 2012 1747 2056; baseline 0.003 -10"><span class='ocrx_word' id='word_1_392' title='bbox 999 2012 1227 2056; x_wconf 83' lang='lat' dir='ltr'>sprochenen</span> <span class='ocrx_word' id='word_1_393' title='bbox 1255 2012 1489 2056; x_wconf 81' lang='lat' dir='ltr'>Gedankens,</span> <span class='ocrx_word' id='word_1_394' title='bbox 1526 2013 1589 2047; x_wconf 70' lang='lat' dir='ltr'>‘da</span> <span class='ocrx_word' id='word_1_395' title='bbox 1622 2013 1747 2048; x_wconf 86' lang='lat' dir='ltr'>haben</span> 
     </span>
     <span class='ocr_line' id='line_1_60' title="bbox 999 2059 1745 2103; baseline 0.001 -10"><span class='ocrx_word' id='word_1_396' title='bbox 999 2059 1110 2093; x_wconf 77' lang='lat' dir='ltr'>wir&#39;s&#39;</span> <span class='ocrx_word' id='word_1_397' title='bbox 1141 2059 1298 2103; x_wconf 84' lang='lat' dir='ltr'>(Fabri),</span> <span class='ocrx_word' id='word_1_398' title='bbox 1325 2060 1413 2094; x_wconf 90' lang='lat' dir='ltr'>oder</span> <span class='ocrx_word' id='word_1_399' title='bbox 1441 2059 1517 2094; x_wconf 83' lang='lat' dir='ltr'>‘ich</span> <span class='ocrx_word' id='word_1_400' title='bbox 1542 2060 1639 2095; x_wconf 87' lang='lat' dir='ltr'>habe</span> <span class='ocrx_word' id='word_1_401' title='bbox 1666 2060 1745 2095; x_wconf 83' lang='lat' dir='ltr'>also</span> 
     </span>
     <span class='ocr_line' id='line_1_61' title="bbox 997 2105 1744 2150; baseline 0.001 -11"><span class='ocrx_word' id='word_1_402' title='bbox 997 2106 1135 2148; x_wconf 82' lang='lat' dir='ltr'>recht&#39;;</span> <span class='ocrx_word' id='word_1_403' title='bbox 1176 2107 1312 2150; x_wconf 78' lang='lat' dir='ltr'>inquit,</span> <span class='ocrx_word' id='word_1_404' title='bbox 1349 2118 1391 2140; x_wconf 92' lang='lat' dir='ltr'>zu</span> <span class='ocrx_word' id='word_1_405' title='bbox 1424 2105 1496 2141; x_wconf 86' lang='lat' dir='ltr'>den</span> <span class='ocrx_word' id='word_1_406' title='bbox 1521 2107 1744 2141; x_wconf 85' lang='lat' dir='ltr'>Umstehen-</span> 
     </span>
     <span class='ocr_line' id='line_1_62' title="bbox 997 2153 1744 2187; baseline 0 -1"><span class='ocrx_word' id='word_1_407' title='bbox 997 2153 1078 2186; x_wconf 90' lang='lat' dir='ltr'>den.</span> <span class='ocrx_word' id='word_1_408' title='bbox 1099 2173 1141 2176; x_wconf 97' lang='lat'><strong>—</strong></span> <span class='ocrx_word' id='word_1_409' title='bbox 1163 2163 1237 2187; x_wconf 76' lang='lat' dir='ltr'>non</span> <span class='ocrx_word' id='word_1_410' title='bbox 1264 2154 1413 2187; x_wconf 80' lang='lat' dir='ltr'>celerius</span> <span class='ocrx_word' id='word_1_411' title='bbox 1438 2156 1499 2187; x_wconf 84' lang='lat' dir='ltr'>etc.</span> <span class='ocrx_word' id='word_1_412' title='bbox 1538 2153 1617 2187; x_wconf 89' lang='lat' dir='ltr'>Hat</span> <span class='ocrx_word' id='word_1_413' title='bbox 1642 2153 1744 2187; x_wconf 88' lang='lat' dir='ltr'>Plut-</span> 
     </span>
     <span class='ocr_line' id='line_1_63' title="bbox 997 2198 1744 2254; baseline 0.001 -22"><span class='ocrx_word' id='word_1_414' title='bbox 997 2199 1084 2233; x_wconf 69' lang='lat' dir='ltr'>aich</span> <span class='ocrx_word' id='word_1_415' title='bbox 1107 2198 1192 2232; x_wconf 88' lang='lat' dir='ltr'>Fab.</span> <span class='ocrx_word' id='word_1_416' title='bbox 1217 2203 1257 2232; x_wconf 91' lang='lat'>12</span> <span class='ocrx_word' id='word_1_417' title='bbox 1286 2199 1355 2233; x_wconf 90' lang='lat' dir='ltr'>den</span> <span class='ocrx_word' id='word_1_418' title='bbox 1382 2199 1595 2254; x_wconf 85' lang='lat' dir='ltr'>Ausspruch</span> <span class='ocrx_word' id='word_1_419' title='bbox 1621 2210 1744 2242; x_wconf 84' lang='lat' dir='ltr'>genau</span> 
     </span>
     <span class='ocr_line' id='line_1_64' title="bbox 992 2243 1741 2301; baseline 0.003 -22"><span class='ocrx_word' id='word_1_420' title='bbox 992 2246 1316 2289; x_wconf 81' lang='lat' dir='ltr'>wiedergegeben:</span> <span class='ocrx_word' id='word_1_421' title='bbox 1346 2243 1477 2299; x_wconf 79' lang='grc' dir='ltr'><em>τάχιον</em></span> <span class='ocrx_word' id='word_1_422' title='bbox 1510 2244 1580 2301; x_wconf 75' lang='grc' dir='ltr'>μὲν</span> <span class='ocrx_word' id='word_1_423' title='bbox 1615 2243 1639 2289; x_wconf 82' lang='grc' dir='ltr'><em>ἢ</em></span> <span class='ocrx_word' id='word_1_424' title='bbox 1658 2243 1741 2301; x_wconf 46' lang='grc' dir='ltr'>ἕψω</span> 
     </span>
     <span class='ocr_line' id='line_1_65' title="bbox 991 2288 1740 2349; baseline 0.001 -23"><span class='ocrx_word' id='word_1_425' title='bbox 991 2291 1245 2337; x_wconf 80' lang='grc' dir='ltr'>προςεόόκων,</span> <span class='ocrx_word' id='word_1_426' title='bbox 1284 2289 1443 2348; x_wconf 76' lang='grc' dir='ltr'><em>βράδιον</em></span> <span class='ocrx_word' id='word_1_427' title='bbox 1478 2289 1515 2325; x_wconf 80' lang='grc' dir='ltr'>δ’</span> <span class='ocrx_word' id='word_1_428' title='bbox 1556 2288 1578 2336; x_wconf 83' lang='grc' dir='ltr'>ἢ</span> <span class='ocrx_word' id='word_1_429' title='bbox 1599 2289 1740 2349; x_wconf 52' lang='grc' dir='ltr'><strong><em>αὐτὸς</em></strong></span> 
     </span>
     <span class='ocr_line' id='line_1_66' title="bbox 995 2335 1743 2378; baseline 0.001 -5"><span class='ocrx_word' id='word_1_430' title='bbox 995 2338 1151 2373; x_wconf 72' lang='grc' dir='ltr'><em>ἔσπευδε</em></span> <span class='ocrx_word' id='word_1_431' title='bbox 1184 2337 1394 2378; x_wconf 70' lang='grc' dir='ltr'><em>ΙΠινούκιος</em></span> <span class='ocrx_word' id='word_1_432' title='bbox 1426 2335 1560 2373; x_wconf 76' lang='grc' dir='ltr'><em>ἑαυτὸν</em></span> <span class='ocrx_word' id='word_1_433' title='bbox 1586 2336 1640 2374; x_wconf 72' lang='grc' dir='ltr'>ἀπ</span> <span class='ocrx_word' id='word_1_434' title='bbox 1655 2338 1743 2374; x_wconf 80' lang='grc' dir='ltr'><em>ολω-</em></span> 
     </span>
     <span class='ocr_line' id='line_1_67' title="bbox 994 2385 1736 2430; baseline 0.001 -10"><span class='ocrx_word' id='word_1_435' title='bbox 994 2389 1088 2429; x_wconf 77' lang='grc' dir='ltr'>λεκε,</span> <span class='ocrx_word' id='word_1_436' title='bbox 1117 2397 1155 2420; x_wconf 88' lang='lat' dir='ltr'>so</span> <span class='ocrx_word' id='word_1_437' title='bbox 1183 2385 1285 2420; x_wconf 85' lang='lat' dir='ltr'>liesse</span> <span class='ocrx_word' id='word_1_438' title='bbox 1313 2386 1391 2420; x_wconf 81' lang='lat' dir='ltr'>sich</span> <span class='ocrx_word' id='word_1_439' title='bbox 1418 2389 1514 2421; x_wconf 86' lang='lat' dir='ltr'>etwa</span> <span class='ocrx_word' id='word_1_440' title='bbox 1539 2390 1736 2430; x_wconf 76' lang='lat' dir='ltr'>erganzen:</span> 
     </span>
     <span class='ocr_line' id='line_1_68' title="bbox 994 2433 1743 2477; baseline 0.001 -10"><span class='ocrx_word' id='word_1_441' title='bbox 994 2444 1069 2467; x_wconf 89' lang='lat' dir='ltr'>non</span> <span class='ocrx_word' id='word_1_442' title='bbox 1083 2433 1238 2467; x_wconf 86' lang='lat' dir='ltr'>celerius</span> <span class='ocrx_word' id='word_1_443' title='bbox 1254 2443 1365 2477; x_wconf 86' lang='lat' dir='ltr'>quam</span> <span class='ocrx_word' id='word_1_444' title='bbox 1382 2433 1613 2476; x_wconf 87' lang='lat' dir='ltr'>commeruit,</span> <span class='ocrx_word' id='word_1_445' title='bbox 1635 2433 1743 2469; x_wconf 78' lang='lat' dir='ltr'>citius</span> 
     </span>
     <span class='ocr_line' id='line_1_69' title="bbox 997 2480 1740 2524; baseline 0.001 -10"><span class='ocrx_word' id='word_1_446' title='bbox 997 2491 1107 2524; x_wconf 82' lang='lat' dir='ltr'>quam</span> <span class='ocrx_word' id='word_1_447' title='bbox 1134 2480 1255 2523; x_wconf 88' lang='lat' dir='ltr'>timui,</span> <span class='ocrx_word' id='word_1_448' title='bbox 1281 2480 1375 2514; x_wconf 85' lang='lat' dir='ltr'>nach</span> <span class='ocrx_word' id='word_1_449' title='bbox 1396 2482 1428 2522; x_wconf 83' lang='lat'>8,</span> <span class='ocrx_word' id='word_1_450' title='bbox 1449 2484 1505 2524; x_wconf 87' lang='grc'>32,</span> <span class='ocrx_word' id='word_1_451' title='bbox 1528 2484 1566 2514; x_wconf 82' lang='lat'>9:</span> <span class='ocrx_word' id='word_1_452' title='bbox 1593 2480 1740 2524; x_wconf 75' lang='lat' dir='ltr'>depren-</span> 
     </span>
     <span class='ocr_line' id='line_1_70' title="bbox 996 2526 1741 2569; baseline 0.001 -8"><span class='ocrx_word' id='word_1_453' title='bbox 996 2528 1068 2569; x_wconf 71' lang='lat' dir='ltr'>dit,</span> <span class='ocrx_word' id='word_1_454' title='bbox 1094 2526 1256 2561; x_wconf 84' lang='lat' dir='ltr'>Perfekt.</span> <span class='ocrx_word' id='word_1_455' title='bbox 1285 2547 1326 2551; x_wconf 81' lang='lat'>——</span> <span class='ocrx_word' id='word_1_456' title='bbox 1362 2527 1494 2561; x_wconf 80' lang='lat' dir='ltr'>virtute</span> <span class='ocrx_word' id='word_1_457' title='bbox 1520 2530 1550 2561; x_wconf 81' lang='lat' dir='ltr'>et</span> <span class='ocrx_word' id='word_1_458' title='bbox 1575 2527 1643 2569; x_wconf 79' lang='lat' dir='ltr'>for.</span> <span class='ocrx_word' id='word_1_459' title='bbox 1671 2529 1741 2563; x_wconf 80' lang='lat' dir='ltr'>wie</span> 
     </span>
     <span class='ocr_line' id='line_1_71' title="bbox 997 2573 1739 2618; baseline 0.001 -10"><span class='ocrx_word' id='word_1_460' title='bbox 997 2585 1026 2608; x_wconf 91' lang='lat' dir='ltr'>c.</span> <span class='ocrx_word' id='word_1_461' title='bbox 1067 2578 1122 2617; x_wconf 89' lang='grc'>27,</span> <span class='ocrx_word' id='word_1_462' title='bbox 1161 2578 1180 2607; x_wconf 91' lang='grc'>3</span> <span class='ocrx_word' id='word_1_463' title='bbox 1218 2573 1435 2608; x_wconf 79' lang='lat' dir='ltr'>felicitatem</span> <span class='ocrx_word' id='word_1_464' title='bbox 1475 2574 1739 2618; x_wconf 87' lang='lat' dir='ltr'>virtutemque.</span> 
     </span>
     <span class='ocr_line' id='line_1_72' title="bbox 997 2620 1738 2665; baseline 0 -10"><span class='ocrx_word' id='word_1_465' title='bbox 997 2641 1039 2645; x_wconf 70' lang='lat'>—</span> <span class='ocrx_word' id='word_1_466' title='bbox 1067 2621 1257 2665; x_wconf 60' lang='lat' dir='ltr'>iurgandi,</span> <span class='ocrx_word' id='word_1_467' title='bbox 1284 2620 1482 2664; x_wconf 85' lang='lat' dir='ltr'>eigentlich</span> <span class='ocrx_word' id='word_1_468' title='bbox 1509 2620 1588 2655; x_wconf 87' lang='lat' dir='ltr'>iure</span> <span class='ocrx_word' id='word_1_469' title='bbox 1616 2632 1738 2665; x_wconf 86' lang='lat' dir='ltr'>agere,</span> 
     </span>
     <span class='ocr_line' id='line_1_73' title="bbox 995 2667 1742 2711; baseline 0 -9"><span class='ocrx_word' id='word_1_470' title='bbox 995 2668 1164 2709; x_wconf 86' lang='lat' dir='ltr'>rechten,</span> <span class='ocrx_word' id='word_1_471' title='bbox 1204 2667 1370 2711; x_wconf 81' lang='lat' dir='ltr'>h&#39;aufiger</span> <span class='ocrx_word' id='word_1_472' title='bbox 1406 2668 1444 2701; x_wconf 91' lang='grc'>111</span> <span class='ocrx_word' id='word_1_473' title='bbox 1482 2667 1742 2702; x_wconf 78' lang='lat' dir='ltr'>modifizierter</span> 
     </span>
     <span class='ocr_line' id='line_1_74' title="bbox 996 2714 1738 2759; baseline 0 -11"><span class='ocrx_word' id='word_1_474' title='bbox 996 2715 1216 2759; x_wconf 83' lang='lat' dir='ltr'>Bedentung</span> <span class='ocrx_word' id='word_1_475' title='bbox 1249 2714 1453 2759; x_wconf 85' lang='lat' dir='ltr'>obiurgare.</span> <span class='ocrx_word' id='word_1_476' title='bbox 1491 2733 1535 2738; x_wconf 85' lang='lat'>——</span> <span class='ocrx_word' id='word_1_477' title='bbox 1574 2715 1679 2758; x_wconf 71' lang='lat' dir='ltr'>siyna</span> <span class='ocrx_word' id='word_1_478' title='bbox 1712 2726 1738 2749; x_wconf 86' lang='lat' dir='ltr'>e.</span> 
     </span>
     <span class='ocr_line' id='line_1_75' title="bbox 995 2761 1739 2805; baseline 0 -10"><span class='ocrx_word' id='word_1_479' title='bbox 995 2772 1026 2795; x_wconf 86' lang='lat' dir='ltr'>v.</span> <span class='ocrx_word' id='word_1_480' title='bbox 1047 2773 1106 2805; x_wconf 77' lang='lat' dir='ltr'>pr.</span> <span class='ocrx_word' id='word_1_481' title='bbox 1135 2766 1167 2804; x_wconf 88' lang='grc'>9,</span> <span class='ocrx_word' id='word_1_482' title='bbox 1193 2765 1249 2805; x_wconf 88' lang='lat'>32,</span> <span class='ocrx_word' id='word_1_483' title='bbox 1271 2766 1300 2795; x_wconf 86' lang='lat'>5.</span> <span class='ocrx_word' id='word_1_484' title='bbox 1336 2781 1372 2785; x_wconf 94' lang='lat'>——</span> <span class='ocrx_word' id='word_1_485' title='bbox 1400 2761 1523 2802; x_wconf 76' lang='lat' dir='ltr'>caesis,</span> <span class='ocrx_word' id='word_1_486' title='bbox 1549 2761 1625 2795; x_wconf 88' lang='lat' dir='ltr'>Pol.</span> <span class='ocrx_word' id='word_1_487' title='bbox 1653 2765 1739 2795; x_wconf 78' lang='grc' dir='ltr'><em>πολ-</em></span> 
     </span>
     <span class='ocr_line' id='line_1_76' title="bbox 995 2789 1737 2863; baseline 0.001 -22"><span class='ocrx_word' id='word_1_488' title='bbox 995 2807 1081 2847; x_wconf 79' lang='grc' dir='ltr'>λούς</span> <span class='ocrx_word' id='word_1_489' title='bbox 1119 2789 1397 2847; x_wconf 78' lang='grc' dir='ltr'><strong><em>ἀπολωλεκότες</em></strong></span> <span class='ocrx_word' id='word_1_490' title='bbox 1440 2807 1513 2841; x_wconf 79' lang='grc' dir='ltr'>τῶν</span> <span class='ocrx_word' id='word_1_491' title='bbox 1554 2804 1737 2863; x_wconf 75' lang='grc' dir='ltr'>εὐζώνων,</span> 
     </span>
     <span class='ocr_line' id='line_1_77' title="bbox 997 2851 1738 2899; baseline 0.001 -10"><span class='ocrx_word' id='word_1_492' title='bbox 997 2853 1050 2889; x_wconf 72' lang='grc' dir='ltr'>ἔτι</span> <span class='ocrx_word' id='word_1_493' title='bbox 1091 2855 1131 2889; x_wconf 76' lang='grc' dir='ltr'>δὲ</span> <span class='ocrx_word' id='word_1_494' title='bbox 1172 2856 1322 2894; x_wconf 78' lang='grc' dir='ltr'><strong><em>πλειους</em></strong></span> <span class='ocrx_word' id='word_1_495' title='bbox 1355 2851 1396 2889; x_wconf 79' lang='grc' dir='ltr'>ἐκ</span> <span class='ocrx_word' id='word_1_496' title='bbox 1428 2854 1502 2888; x_wconf 79' lang='grc' dir='ltr'>τῶν</span> <span class='ocrx_word' id='word_1_497' title='bbox 1539 2852 1738 2899; x_wconf 73' lang='grc' dir='ltr'><em>ταγμάτων</em></span> 
     </span>
    </p>
   </div>
  </div>
 </body>
</html>
