1882 3163
107 1107 164 1149 22

180 167 234 208 38
617 166 763 201 LIBER
787 165 937 202 XXIIII.
988 165 1090 201 CAP.
1117 170 1173 201 21.
1200 170 1256 201 22.

1525 183 1550 203 a.
1576 185 1605 203 u.
1630 185 1653 203 c.
1680 179 1743 205 540.

133 288 153 319 8
180 277 324 318 dinam
355 275 581 318 convenire
606 275 765 317 iubent.
814 274 1045 317 multitudo
1071 290 1169 329 pars
1195 277 1410 329 procurrit
1435 276 1481 317 in
1505 277 1607 328 vias,
1639 292 1740 332 pars

179 337 224 377 in
255 335 480 377 vestibulis
520 336 623 388 stat,
661 349 760 389 pars
800 348 849 375 ex
889 335 1013 376 tectis
1051 334 1334 389 fenestrisque
1372 339 1651 390 prospectant
1688 340 1742 392 et,

133 407 153 437 9
181 394 282 449 quid
313 395 376 436 rei
408 394 482 448 sit,
514 394 719 449 rogitant.
776 394 920 435 omnia
951 393 1185 435 luminibus
1219 394 1443 436 conlucent
1474 396 1741 452 strepituque

178 454 296 496 vario
329 454 591 508 conplentur.
649 453 802 494 armati
833 453 937 494 locis
975 453 1222 508 patentibus
1256 456 1591 510 congregantur3
1630 455 1741 497 iner-

178 528 268 555 mes
309 527 359 554 ex
391 512 579 567 Olympii
610 511 724 554 Iovis
762 512 925 566 templo
965 512 1102 566 spolia
1135 511 1356 554 Gallorum
1389 512 1737 570 Illyriorumque,

179 573 291 614 dono
324 572 424 614 data
450 571 628 613 Hieroni
661 587 686 613 a
713 571 874 626 populo
900 571 1096 614 Romano
1128 572 1298 626 fixaque
1325 572 1378 613 ab
1411 587 1478 626 eo,
1510 572 1743 617 detrahunt

109 643 152 674 10
178 634 402 686 precantes
428 631 589 683 Iovem,
620 634 669 673 ut
700 631 847 673 volens
879 631 1092 685 propitius
1125 631 1329 685 praebeat
1359 646 1480 673 sacra
1513 647 1632 674 arma
1663 648 1740 687 pro

111 702 151 733 11
179 691 330 745 patria,
362 705 438 745 pro
470 691 596 732 deum
629 690 826 743 delubris,
858 705 934 744 pro
961 691 1158 732 libertate
1186 691 1586 733 sesearmantibus.
1635 692 1740 735 haec

179 765 345 805 quoque
377 750 607 791 multitudo
635 749 895 792 stationibus
921 764 998 803 per
1021 749 1237 803 principes
1263 750 1488 805 regionum
1514 751 1631 793 urbis
1658 751 1741 793 dis

177 810 330 864 positis
365 809 622 864 adiungitur.
680 809 723 850 in
755 809 902 850 Insula
933 809 1044 850 inter
1076 811 1215 850 cetera
1248 809 1586 851 Andranodorus
1619 825 1742 865 prae-

110 881 151 911 12
180 869 299 910 sidiis
332 869 527 910 firmarat
557 868 710 909 horrea
740 868 930 922 publica:
965 868 1084 909 locus
1114 882 1216 908 saxo
1244 868 1451 922 quadrato
1481 872 1653 924 saeptus
1681 873 1743 912 at-

179 943 258 983 que
292 928 399 969 arcis
414 925 470 969 ‘in
495 927 668 970 modum
702 927 916 968 emunitus
949 927 1116 980 capitur
1141 926 1194 966 ab
1223 926 1453 982 iuventute,
1486 943 1595 982 quae
1621 944 1740 984 prae-

180 988 286 1029 sidio
320 988 409 1028 eius
442 988 525 1029 loci
558 987 776 1028 adtributa
807 988 916 1039 erat,
955 986 1219 1040 mittuntque
1252 986 1426 1031 nuntios
1458 987 1505 1028 in
1536 987 1741 1030 Achradi-

178 1061 278 1088 nam
309 1046 465 1087 horrea
495 1046 843 1100 frumentumque
876 1045 921 1086 in
955 1047 1126 1087 senatus
1157 1047 1374 1098 potestate
1408 1060 1511 1089 esse.

296 1105 408 1146 Luce
434 1105 573 1159 prima
598 1105 782 1159 populus
809 1104 966 1153 omnis,
999 1106 1187 1145 armatus
1213 1104 1490 1159 inermisque,
1515 1105 1561 1147 in
1580 1105 1743 1148 Achra-

179 1165 325 1206 dinam
357 1165 409 1206 ad
436 1165 596 1206 curiam
623 1165 833 1206 convenit.
883 1163 945 1204 ibi
971 1178 1048 1218 pro
1070 1162 1333 1205 Concordiae
1361 1178 1452 1218 ara,
1485 1179 1592 1219 quae
1618 1165 1663 1206 in
1691 1180 1740 1208 eo

180 1225 263 1265 sita
299 1224 394 1265 loco
428 1226 536 1278 erat,
575 1239 625 1264 ex
656 1223 923 1278 principibus
956 1237 1065 1264 unus
1098 1222 1272 1264 nomine
1303 1221 1547 1277 Polyaenus
1581 1225 1740 1267 contio-

131 1296 151 1326 2
177 1298 276 1324 nem
309 1287 350 1324 et
381 1283 557 1324 liberam
592 1285 633 1324 et
665 1283 930 1324 moderatam
956 1282 1117 1323 habuit.
1168 1281 1382 1324 servitutis
1404 1282 1651 1334 formidines
1677 1284 1741 1325 in·

179 1342 494 1398 dignitatesque
520 1343 715 1384 homines
743 1345 942 1396 expertos
965 1341 1166 1383 adversus
1187 1344 1338 1382 notum
1359 1342 1520 1382 malum
1540 1342 1741 1385 inritatos

179 1416 286 1443 esse:
333 1401 542 1443 discordia
580 1402 718 1443 civilis
758 1416 863 1456 quas
901 1402 1093 1454 inportet
1130 1400 1293 1454 clades,
1335 1400 1505 1442 audisse
1544 1402 1683 1457 magis
1717 1417 1742 1444 a

132 1474 152 1504 3
178 1461 374 1516 patribus
409 1460 699 1516 Syracusanos
738 1476 865 1516 quam
905 1462 1023 1515 ipsos
1057 1459 1226 1502 vidisse.
1277 1468 1409 1501 arma*
1430 1460 1543 1514 quod
1575 1461 1742 1517 inpigre

226 1578 413 1612 convenire
437 1577 575 1622 iubent]
608 1578 703 1612 ohne
729 1578 918 1612 bestimm-

177 1626 233 1659 tes
249 1624 411 1670 Subject,
432 1625 479 1659 da
501 1624 580 1659 sich
600 1624 659 1659 ein
679 1625 919 1669 allgemeines

179 1674 324 1717 (omnes)
339 1683 411 1707 von
431 1672 545 1707 selbst
566 1672 726 1716 ergiebt3
747 1672 806 1715 23,
827 1676 883 1716 45,
902 1678 917 1707 1

181 1720 381 1754 Marcellus
394 1720 530 1754 instare
543 1720 640 1754 iubet
653 1720 764 1754 ni‘rml.
779 1721 919 1754 milites.

226 1771 258 1802 8.
272 1768 466 1801 multitudo
476 1777 567 1811 pars
578 1787 618 1791 —
623 1766 729 1812 pars]
745 1780 771 1803 s.
784 1780 829 1801 zu
841 1771 871 1811 7,
888 1772 918 1803 7.

225 1815 401 1860 royltant]
435 1814 512 1849 dies
537 1814 762 1858 frequentat.
789 1815 855 1850 hat
879 1815 918 1850 L.

180 1862 274 1897 auch
294 1866 349 1906 31,
375 1866 406 1904 3,
433 1864 534 1897 sonst
554 1873 622 1895 nur
646 1862 685 1896 in
711 1862 775 1897 der
800 1864 922 1897 ersten

180 1909 333 1945 Dekade
359 1911 418 1954 (18
445 1910 546 1953 mal).

227 1961 258 1993 9.
299 1957 473 2002 Olympii]
507 1957 624 1991 dieser
650 1956 820 2002 Tempel,
853 1957 921 1992 wie

180 2004 240 2038 die
267 2004 373 2040 Curie
404 2005 480 2038 und
513 2004 571 2039 die
605 2016 673 2038 ara
701 2004 922 2039 Concordiae

181 2053 252 2095 (22,
289 2053 322 2093 1)
356 2051 541 2086 befanden
576 2051 653 2085 sich
691 2063 750 2086 am
785 2053 920 2087 Forum

181 2100 344 2144 (Agora).

230 2150 284 2181 10.
309 2147 429 2180 voleus
443 2145 648 2190 propitius]
677 2145 922 2190 asyndetisch,

180 2194 264 2228 weil
290 2192 349 2227 die
370 2192 612 2236 Verbindung
639 2192 719 2226 eine
746 2193 922 2227 stehende

181 2241 229 2276 ist
268 2241 321 2284 (so
363 2240 457 2273 auch
498 2242 554 2282 38,
593 2242 644 2282 8),
687 2240 838 2274 {ilinlich
878 2241 922 2274 clo

181 2289 271 2331 (lico,
298 2288 396 2332 equis
420 2287 510 2320 viris
537 2285 624 2330 (Cic.
651 2286 698 2320 ad
723 2286 810 2321 fam.
836 2287 872 2330 9,
891 2291 922 2329 7,

184 2339 228 2378 1),
254 2336 370 2370 velitis
389 2334 555 2375 iubeatis,
576 2334 748 2377 Iuppiter
767 2335 923 2378 optimus

181 2383 362 2417 mamimus
388 2381 461 2416 und
485 2381 620 2416 andere
645 2380 757 2415 theils
784 2381 924 2425 sprich-

181 2430 383 2472 wortliche,
398 2427 822 2466 theilsalterthfimliche
835 2428 922 2462 Ver-

180 2478 404 2522 bindungen.
461 2475 535 2510 Das
578 2476 698 2510 voleus
736 2476 923 2520 propitius

182 2526 269 2559 aber
301 2523 485 2559 erscheint
516 2522 576 2557 bei
599 2523 638 2556 L.
670 2522 773 2557 nicht
805 2523 923 2557 selten

182 2573 277 2606 auch
301 2572 371 2606 mit
395 2582 461 2615 que
485 2570 718 2612 verbunden,
746 2582 774 2604 z.
796 2570 834 2605 B.
861 2570 921 2613 29,

184 2624 238 2662 14,
268 2624 308 2653 13
335 2622 376 2653 ut
400 2619 520 2653 volens
540 2618 775 2661 propitiaque
800 2618 922 2651 urbem

182 2667 335 2701 Romam
360 2666 480 2700 iniret.

232 2719 285 2748 11.
330 2714 415 2747 haee
451 2711 604 2757 quoque]
650 2712 744 2745 setzt
780 2722 924 2754 vorans,

183 2761 267 2795 dass
283 2760 341 2795 die
356 2760 554 2804 principes,
575 2759 633 2793 die
649 2758 924 2793 Vornehmeren

183 2808 259 2842 und
286 2806 595 2852 Angeseheneren
627 2805 830 2849 (vielleicht
863 2804 923 2839 Se-

183 2857 337 2889 natoren
370 2854 464 2888 nach
495 2857 513 2894 g
549 2855 605 2897 12)
639 2853 703 2887 der
737 2852 925 2887 einzelnen

184 2901 437 2944 Stadtviertel,
480 2899 739 2934 militairische
783 2899 923 2933 Anord-

184 2959 331 2992 nungen
356 2947 536 2992 getroffen
556 2946 631 2981 und
651 2947 765 2981 durch
786 2946 844 2980 die
865 2957 923 2980 ar-

992 1577 1084 1610 mati
1096 1576 1271 1621 wichtige
1288 1576 1433 1611 Punkte
1449 1576 1592 1611 besetzt
1607 1577 1742 1613 haben.

993 1623 1117 1658 Daher
1148 1623 1198 1658 ist
1228 1624 1314 1658 haec
1346 1634 1482 1668 quoque
1520 1625 1741 1669 adiunyz'tur

993 1671 1098 1705 nicht
1123 1670 1251 1705 scharf
1271 1683 1314 1704 zu
1339 1671 1510 1713 nehmen,
1538 1671 1622 1706 weil
1645 1672 1741 1706 noch

993 1717 1080 1752 kein
1107 1718 1260 1752 anderes
1287 1719 1483 1762 adiunyere
1516 1718 1740 1763 stattgefun—

994 1765 1065 1799 den
1095 1765 1180 1809 hat,
1220 1765 1377 1799 sondern
1414 1777 1452 1800 so
1492 1765 1740 1801 aufzufassen:

994 1813 1088 1847 auch
1121 1812 1245 1847 diesen
1282 1813 1433 1847 wurden
1465 1812 1600 1847 Posten
1633 1825 1743 1858 zuge-

994 1859 1131 1894 wiesen
1168 1860 1241 1894 und
1274 1872 1370 1894 zwar
1404 1860 1555 1894 wurden
1587 1859 1638 1895 sie
1669 1860 1742 1895 den

995 1907 1109 1942 sehon
1134 1906 1360 1942 vertheilten
1386 1907 1638 1952 hinzugefiigt.

1041 1955 1136 1989 iuter
1162 1954 1290 1999 cetera]
1325 1955 1458 1989 ebenso
1491 1966 1600 1998 super
1626 1958 1741 1990 cetera

996 2002 1082 2036 oder
1106 2012 1215 2045 super
1241 2002 1318 2036 alia
1345 2002 1399 2036 oft
1425 2001 1486 2037 bei
1511 2002 1590 2036 Liv.

1044 2053 1097 2083 12.
1125 2048 1322 2094 emunitus]
1359 2045 1455 2084 'eine
1501 2049 1740 2094 Neubildung

994 2096 1159 2141 Vergils,
1198 2097 1337 2131 welche
1370 2097 1409 2131 L.
1444 2096 1633 2140 adoptiert
1663 2096 1740 2130 und

996 2154 1043 2177 an
1068 2143 1147 2178 drei
1168 2143 1308 2178 Stellen
1335 2143 1399 2178 der
1425 2143 1562 2177 dritten
1587 2143 1740 2178 Dekade

996 2191 1220 2235 angewandt
1268 2191 1350 2232 hat;
1409 2189 1610 2234 eigentlich
1659 2190 1740 2224 ‘aus

996 2237 1079 2271 dem
1100 2237 1227 2272 Boden
1252 2238 1385 2271 heraus
1410 2237 1449 2271 in
1474 2237 1533 2271 die
1554 2237 1659 2271 Hohe
1681 2238 1742 2272 be-

995 2284 1170 2328 festigen’
1194 2301 1237 2312 =
1264 2284 1365 2318 stark
1392 2284 1608 2329 besestigen.

1037 2331 1241 2376 praesidio]
1287 2331 1495 2376 Besatzung
1538 2342 1611 2366 von
1651 2342 1740 2366 mer-

996 2379 1174 2421 cennarii,
1201 2378 1259 2413 die
1280 2382 1336 2422 32,
1353 2382 1370 2413 7
1393 2379 1560 2413 erwahnt
1582 2378 1738 2413 werden.

1043 2426 1106 2460 22.
1159 2430 1188 2460 1.
1219 2437 1289 2469 pro
1321 2426 1407 2472 ara]
1439 2436 1507 2470 pro
1533 2425 1613 2460 hier
1639 2425 1743 2460 nicht

998 2473 1092 2507 ‘vor’
1135 2472 1218 2516 (wie
1256 2477 1309 2517 11,
1347 2474 1400 2517 5),
1439 2473 1597 2507 sondern
1637 2472 1742 2507 ‘vorn

995 2519 1091 2562 auf’,
1119 2531 1157 2555 so
1185 2519 1245 2564 26,
1272 2525 1327 2564 41,
1356 2524 1375 2554 6
1402 2530 1474 2564 pro
1502 2521 1585 2564 ripa
1609 2519 1743 2554 Hiberi

994 2571 1106 2611 stare,
1151 2569 1253 2602 sonst
1285 2578 1356 2612 pro
1395 2567 1575 2601 tribunali
1612 2567 1740 2609 sedere,

988 2625 1060 2658 pro
1094 2616 1222 2649 rostris
1250 2627 1283 2648 u.
1312 2626 1362 2657 a.;
1389 2614 1458 2648 wie
1478 2624 1549 2658 pro
1576 2613 1646 2648 den
1674 2613 1741 2648 Ort

995 2662 1060 2696 der
1094 2662 1199 2696 Ruhe
1233 2661 1451 2704 ausdruekt,
1492 2671 1531 2695 so
1567 2664 1585 2702 ξ
1620 2664 1661 2694 13
1699 2671 1742 2694 ea·

998 2720 1070 2753 qua
1105 2709 1176 2743 den
1212 2708 1294 2752 Ort,
1330 2720 1403 2743 von
1438 2718 1493 2742 wo
1528 2719 1593 2742 aus
1629 2709 1742 2742 etwas

998 2756 1200 2800 geschieht.

1046 2802 1260 2848 contionem]
1307 2819 1350 2830 =
1394 2801 1495 2836 Rede
1544 2800 1596 2844 (in
1640 2799 1741 2836 einer

997 2851 1145 2893 contio),
1180 2850 1255 2894 vgl.
1291 2848 1351 2892 27,
1386 2853 1445 2891 13,
1485 2852 1501 2882 1
1540 2847 1741 2882 Marcellus

997 2898 1193 2931 contionem
1244 2907 1386 2930 saevam
1429 2899 1533 2939 atque
1576 2895 1741 2929 acerbam

998 2945 1098 2988 apud
1122 2944 1251 2978 milites
1276 2943 1414 2977 habuit.
