1882 3163
149 119 176 138 a.
196 111 247 136 Ch.
269 112 328 136 216.

650 99 796 134 LIBER
821 98 950 133 XXIII.
1003 97 1105 133 CAP.
1134 102 1166 134 7.
1193 100 1224 132 S.
1658 93 1712 135 15

151 209 371 251 Hannibal
402 210 623 264 ingressus
654 208 806 248 urbem
839 209 1034 248 senatum
1062 207 1274 260 extemplo
1300 205 1505 259 postulat,
1536 217 1711 259 precan-
1729 212 1772 242 11

149 269 350 324 tibusque
382 268 478 309 inde
510 266 770 322 primoribus
804 264 1138 319 Campanorum,
1176 279 1229 306 ne
1262 264 1362 319 quid
1396 279 1445 306 eo
1478 264 1544 304 die
1577 262 1712 304 seriae

149 327 213 369 rei
239 329 418 382 gereret,
450 326 645 380 diemque
671 328 720 366 ut
745 325 837 379 ipse
864 324 1048 365 advent-u
1070 338 1147 364 suo
1168 324 1326 364 festum
1345 324 1484 365 laetus
1506 336 1554 363 ac
1573 322 1711 362 libens

151 387 402 439 celebraret,
446 399 702 439 quamquam
741 397 945 438 praeceps
984 382 1158 438 ingenio
1191 383 1236 423 in
1268 383 1377 423 iram
1410 384 1519 436 erat,
1556 383 1712 434 tamen,
1730 390 1772 420 12

153 459 205 486 ne
239 445 339 500 quid
371 445 415 485 in
453 444 663 498 principio
702 445 899 497 negaret,
943 441 1119 482 visenda
1163 441 1267 482 urbe
1306 455 1509 496 magnam
1546 442 1713 495 partem

150 504 235 545 diei
266 503 540 557 consumpsit.

269 562 527 604 Deversatus
561 562 625 601 est
651 560 763 614 apud
790 559 973 601 Ninnios
1002 557 1184 612 Celeres,
1209 557 1434 600 Sthenium
1459 558 1712 599 Pacuvium·
1729 557 1753 598 8

151 635 243 676 que,
268 621 452 662 inclutos
478 619 706 661 nobilitate
734 633 782 660 ac
809 619 983 660 divitiis.
1017 632 1066 659 eo
1086 617 1295 658 Pacuvius
1317 616 1531 670 Calavius,
1557 616 1607 657 de
1629 631 1712 670 quo
1734 626 1754 656 2

151 683 248 721 ante
281 679 440 720 dictum
472 681 549 732 est,
583 679 783 732 princeps
814 677 1016 719 factionis
1050 677 1153 731 eius,
1186 690 1293 731 quae
1325 678 1519 717 traxerat
1543 690 1633 716 rem
1661 675 1714 715 ad

149 738 330 793 Poenos,
355 738 489 779 filium
515 738 713 779 iuvenem
740 736 929 789 adduxit,
962 736 1226 777 abstractum
1254 750 1278 776 a
1298 735 1404 776 Deci
1424 734 1543 789 Magi
1568 735 1713 786 latere,
1734 744 1755 774 3

149 812 247 839 cum
279 812 363 852 quo
395 797 661 838 ferocissime
694 811 770 850 pro
803 795 998 837 Romana
1031 795 1235 836 societate
1269 794 1471 835 adversus
1503 793 1713 834 Punicum

149 856 299 899 foedus
322 858 511 910 steterat,
537 870 613 896 nec
640 870 737 896 eum
765 857 839 896 aut
859 854 1066 896 inclinata
1091 854 1136 895 in
1161 856 1329 908 partem
1355 854 1533 894 alteram
1561 851 1712 893 civitas

149 918 225 957 aut
257 915 400 970 patria
426 915 626 956 maiestas
655 914 871 955 sententia
897 914 1130 968 depulerat.
1181 913 1279 954 huic
1305 915 1398 953 tum
1423 914 1550 966 pater
1570 910 1715 952 iuveni
1735 920 1758 951 4

148 974 438 1016 Hannibalem
465 973 730 1027 deprecando
758 973 897 1028 magis
925 988 1053 1027 quam
1079 971 1304 1027 purgando
1330 971 1528 1025 placavit,
1559 970 1714 1011 victus—

152 1047 232 1088 que
259 1034 396 1087 patris
423 1033 620 1086 precibus
647 1032 920 1087 lacrimisque
947 1032 1078 1073 etiam
1105 1032 1157 1072 ad
1184 1045 1332 1072 cenam
1360 1045 1456 1071 eum
1477 1044 1573 1071 cum
1594 1031 1715 1083 patre

150 1093 295 1134 vocari
333 1093 476 1144 iussit,
521 1092 588 1133 cui
626 1091 820 1132 convivio
859 1091 1074 1132 neminem
1108 1089 1378 1143 Campanum
1418 1091 1757 1143 praeterquam5

149 1151 344 1205 hospites
374 1149 691 1204 Vibelliumque
730 1150 958 1204 Tauream,
996 1149 1209 1204 insignem
1247 1149 1359 1190 bello
1398 1148 1555 1200 virum,
1598 1146 1715 1188 adhi-

151 1211 319 1251 biturus
365 1213 466 1251 erat.

152 1315 314 1359 solchen,
341 1313 549 1358 Gegensatz
577 1325 619 1347 zu
645 1313 755 1348 otiose
779 1314 896 1348 inam-

153 1362 314 1397 bulabat.

202 1413 256 1443 11.
283 1408 463 1453 senatum]
499 1407 581 1442 eine
615 1406 898 1452 Senatssitzung

152 1457 239 1501 (vgl.
266 1455 359 1500 Kap.
383 1459 435 1498 10,
460 1456 493 1499 1)
516 1476 558 1479 —
573 1455 897 1500 precantibusque]

154 1503 373 1548 kopulative
394 1501 640 1546 Verbindung
660 1503 704 1536 st.
726 1502 897 1536 adversa-

151 1551 257 1594 tiver,
282 1550 352 1584 wie
378 1549 438 1584 bei
464 1550 634 1593 diemque.
663 1569 705 1574 —
731 1549 823 1594 ipse]
847 1549 897 1583 im

156 1597 268 1632 Sinne
289 1608 361 1632 von
381 1601 414 1631 et
432 1598 518 1641 ipse,
539 1597 615 1641 ipse
633 1607 771 1641 quoque
790 1595 898 1640 (Kap.

152 1649 209 1688 28,
232 1646 299 1688 11).
330 1665 372 1669 -
400 1645 516 1678 laetus
541 1655 584 1678 ccc
610 1643 687 1688 lib.]
716 1643 899 1687 „frohlich

150 1692 227 1726 und
252 1694 473 1736 vergm'igffl,
500 1689 790 1725 allitterierende
810 1691 899 1725 Ver-

151 1739 336 1783 bindung,
381 1739 442 1772 bei
480 1738 558 1772 Liv.
599 1749 668 1771 nur
707 1739 804 1780 hier,
847 1738 900 1772 im

152 1786 296 1820 'alteren
334 1785 466 1820 Latein
505 1784 743 1829 asyndetisch
785 1786 900 1819 laetus

153 1833 288 1867 lubens.

207 1883 260 1913 12.
287 1889 505 1924 quamquam
531 1878 618 1923 etc]
635 1878 668 1913 d.
684 1879 719 1913 h.
736 1878 901 1913 obschon

156 1939 194 1962 er
219 1938 293 1961 von
319 1926 412 1960 Zorn
439 1935 559 1970 gegen
585 1925 720 1959 Decius
754 1925 901 1969 Magius

157 1973 285 2009 erffillt
310 1976 343 2017 (ξ
366 1974 399 2016 7)
421 1985 454 2006 u.
477 1973 570 2007 eben
591 1972 786 2017 deswegen
807 1972 901 2007 nach

159 2021 286 2066 Capua
324 2020 546 2064 gekommen
586 2030 663 2053 war
708 2022 741 2063 (ξ
766 2021 812 2060 8).
858 2039 901 2044 ——

152 2078 328 2113 praeceps
341 2068 382 2101 in
397 2067 459 2111 ir]
484 2066 696 2111 jahzornig3
724 2067 901 2111 ngKap.

154 2120 187 2159 4,
209 2119 230 2149 4
251 2125 376 2159 prona
412 2125 548 2158 semper
573 2115 702 2148 civitas
730 2115 768 2148 in
795 2115 903 2148 luoeu-

156 2164 268 2205 riam3
313 2165 376 2204 22,
411 2165 472 2204 21,
503 2164 523 2194 2
557 2161 813 2205 Hispanorum
847 2162 902 2195 in-

156 2210 277 2254 quieta
310 2209 490 2253 avidaque
520 2209 562 2242 in
593 2219 706 2243 novas
737 2219 793 2243 res
818 2212 902 2243 suni

154 2257 314 2301 inyenia.

204 2304 242 2339 8.
289 2309 318 2338 1.
363 2303 569 2337 deversatus
607 2302 671 2347 est]
713 2301 902 2347 gleichbe-

156 2351 317 2386 deutend
343 2350 412 2383 mit
437 2350 521 2383 dem
549 2349 608 2383 bei
629 2349 708 2384 Liv.
737 2351 901 2384 seltenon

157 2397 253 2435 Perf.
281 2397 446 2439 devertit,
481 2395 555 2440 vgl.
584 2395 657 2431 Cic.
687 2396 785 2431 Verr.
809 2400 842 2439 4,
859 2401 902 2430 70

156 2446 254 2480 (lomi
284 2455 370 2479 suae
403 2444 626 2478 deversatum
661 2454 731 2477 esse
769 2444 902 2477 Antio-

160 2493 273 2527 chum.
290 2513 333 2517 —
349 2491 512 2525 Ninnios
532 2490 619 2535 Cel]
649 2490 738 2524 zwei
764 2491 905 2525 Brucler

160 2540 229 2573 mit
244 2539 327 2573 dem
337 2537 664 2573 Geschlechtsnam
672 2547 714 2570 en
725 2537 903 2579 Ninnius,

159 2585 241 2621 dem
255 2585 470 2630 Cognomen
487 2583 597 2626 Celer,
612 2584 683 2618 den
694 2584 904 2618 Vox-namen

159 2632 328 2668 Sthenius
354 2632 430 2667 und
458 2632 655 2666 Pacui-ius.

206 2684 238 2715 2.
285 2680 384 2725 ante]
422 2679 517 2712 nach
556 2678 782 2722 temporaler
818 2677 905 2711 Auf-

159 2726 321 2771 fassung,
349 2727 386 2761 in
407 2725 545 2760 diesem
572 2725 767 2759 Gebraueh
788 2724 906 2758 wech-

161 2774 266 2808 selnd
291 2774 360 2808 mit
386 2773 470 2807 dem
496 2772 646 2806 lokalen
666 2771 758 2807 Adv.
781 2782 905 2815 supra.

163 2839 206 2844 —
233 2824 398 2856 traxerat
422 2820 510 2865 mn]
547 2823 602 2862 24,
631 2823 662 2861 2,
690 2822 709 2853 8
736 2819 833 2862 plebs
859 2819 908 2853 ad

167 2865 307 2902 Poenos
332 2879 403 2902 rem
431 2868 490 2911 (=
513 2867 709 2909 civitatem)
737 2866 907 2906 trahtret3

529 1210 696 1263 epulari
741 1211 972 1263 coeperunt
1016 1209 1065 1249 de
1113 1208 1197 1262 die,
1248 1210 1291 1248 et
1340 1207 1584 1249 convivium
1628 1217 1758 1247 none

971 1317 1028 1356 32,
1051 1316 1105 1355 19,
1126 1316 1145 1345 2
1154 1312 1359 1356 principem
1373 1311 1546 1354 factionis
1560 1311 1608 1345 acl
1627 1311 1716 1344 Phi-

973 1361 1118 1404 lippum
1143 1359 1364 1394 trahentium
1389 1368 1454 1392 res.

1020 1411 1051 1441 3.
1078 1417 1142 1441 nee
1167 1407 1260 1450 eum]
1288 1405 1496 1449 Hauptsatz
1519 1404 1718 1450 (statt‚,in-

972 1454 1107 1497 dem“),
1146 1454 1201 1488 als
1239 1454 1286 1488 ob
1323 1452 1589 1496 vorausginge:
1633 1463 1719 1486 nam

971 1512 1052 1535 eum
1077 1512 1114 1536 eo
1139 1502 1206 1543 fer.
1237 1502 1306 1534 etc.
1343 1520 1386 1524 ——
1418 1500 1596 1534 sententia
1621 1498 1717 1544 clep]

973 1548 1100 1583 Cicero
1126 1548 1252 1582 wfirde
1280 1558 1412 1592 sagen:
1439 1548 1481 1581 cle
1500 1550 1586 1581 sent.
1608 1547 1718 1590 clepu-

973 1596 1072 1630 Zerat.
1113 1594 1188 1629 Das
1214 1595 1324 1629 Wort
1348 1594 1441 1628 wird
1466 1593 1556 1627 bald
1576 1592 1646 1628 mit
1665 1593 1719 1635 de,

973 1644 1029 1686 ab,
1057 1653 1111 1685 ex,
1136 1642 1225 1677 bald
1252 1642 1320 1676 mit
1346 1640 1505 1676 blossem
1525 1639 1607 1675 Abl.
1630 1640 1719 1675 kon-

972 1690 1123 1724 struiert
1143 1691 1238 1724 ohne
1260 1689 1367 1723 einen
1390 1688 1634 1723 Unterschied
1656 1688 1720 1721 der

974 1737 1201 1781 Bedeutung.
1556 1777 1557 1780 Ἴ

1021 1788 1052 1818 4.
1092 1795 1172 1818 eum
1201 1783 1324 1828 patre]
1376 1783 1449 1816 Das
1480 1782 1583 1816 Wort
1613 1784 1720 1825 pater

973 1831 1066 1864 wird
1105 1842 1187 1864 zum
1229 1829 1449 1864 drittenmal
1490 1828 1719 1871 wiederholt,

975 1877 1060 1912 weil
1079 1878 1174 1912 auch
1195 1877 1254 1911 die
1275 1876 1488 1920 Einladung
1507 1875 1571 1909 des
1588 1875 1721 1909 Vaters

977 1925 1091 1968 (nach
1123 1931 1142 1966 ξ
1170 1926 1209 1967 5)
1259 1924 1363 1957 nicht
1414 1922 1722 1958 selbstverst'and-

976 1971 1050 2005 lich
1076 1982 1162 2005 war.

1026 2023 1056 2053 5.
1085 2019 1144 2053 eui
1164 2017 1343 2063 convii-io]
1365 2035 1409 2045 =
1431 2017 1480 2051 affl
1500 2027 1608 2061 quam
1629 2016 1720 2059 (scil.

976 2076 1110 2109 cenam,
1137 2066 1211 2110 vgl.
1234 2065 1325 2109 Kap.
1341 2068 1373 2108 9,
1390 2067 1436 2107 4),
1464 2063 1636 2098 Wechsel
1658 2063 1723 2097 der

976 2112 1248 2147 Konstruktion
1273 2124 1307 2146 u.
1336 2112 1399 2146 des
1431 2111 1571 2156 infolge
1598 2111 1720 2144 davon

977 2171 1059 2194 zum
1086 2160 1300 2194 Relativum
1327 2159 1517 2204 gesetzten
1545 2157 1720 2192 Substan-

975 2207 1066 2250 tivs3
1112 2208 1172 2241 cui
1209 2208 1305 2241 ohne
1342 2205 1560 2240 Substantiv
1595 2204 1721 2239 wu'rde

975 2265 1062 2288 man
1088 2254 1285 2288 ffilschlich
1310 2253 1376 2288 auf
1402 2256 1508 2297 patre
1534 2252 1720 2287 beziehen.

1022 2302 1192 2345 hospites]
1206 2301 1264 2335 die
1279 2301 1414 2334 beiden
1427 2299 1624 2334 Gastwirte
1635 2298 1722 2333 oder

976 2349 1116 2383 domini
1141 2352 1176 2390 (ξ
1205 2350 1250 2391 7).

1034 2395 1156 2430 Vibell.
1189 2395 1318 2439 Talin]
1340 2394 1410 2428 mit
1424 2393 1560 2427 vollem
1577 2392 1720 2425 Namen

980 2442 1152 2477 Cerrinus
1180 2442 1355 2475 Vibellius
1374 2441 1517 2474 Taurea
1542 2440 1647 2482 (Kal).
1663 2442 1721 2480 46,

981 2491 1051 2533 12).
1093 2489 1164 2523 Der
1191 2488 1543 2522 Geschlechtsname
1569 2486 1636 2520 hat
1661 2484 1722 2519 bei

983 2535 1111 2570 Cicero
1138 2548 1172 2570 u.
1202 2535 1280 2569 Val.
1309 2535 1404 2568 Max.
1431 2533 1490 2568 die
1518 2533 1626 2567 Form
1655 2532 1721 2566 Iu-

979 2584 1114 2617 bellius.

1028 2634 1058 2664 6.
1098 2630 1140 2663 (le
1165 2629 1240 2673 die]
1269 2639 1351 2671 „am
1379 2626 1536 2671 (hellen,
1569 2626 1722 2669 lichten)

979 2677 1116 2719 Tage“,
1152 2675 1282 2709 sobam
1318 2674 1500 2709 Hannibal
1528 2673 1587 2707 die
1614 2673 1723 2707 Stadt

980 2723 1181 2765 besichtigt
1207 2722 1311 2755 hatte
1339 2722 1446 2766 (Καρ.
1476 2725 1506 2763 7,
1531 2722 1597 2763 12).
1650 2719 1723 2754 Der

980 2770 1086 2804 frsihe
1114 2769 1254 2811 Beginn
1283 2768 1374 2802 wird
1402 2768 1569 2802 erwi‘ihnt
1595 2777 1722 2811 wegen

981 2820 999 2859 ξ
1022 2820 1041 2850 8
1068 2817 1152 2850 solis
1178 2817 1204 2859 f.
1232 2827 1373 2850 occasu.
1419 2815 1500 2857 Vgl.
1522 2818 1578 2855 25,
1600 2818 1656 2855 23,
1680 2818 1720 2848 16

982 2864 1020 2898 icl
1047 2864 1214 2908 temporis
1240 2864 1368 2906 visum,
1394 2873 1462 2907 quo
1488 2863 1530 2897 cle
1555 2863 1613 2896 (lie
1638 2873 1721 2905 epu-
