1882 3163
151 89 208 131 36
624 89 768 124 LIBER
793 89 925 123 XXIII.
977 88 1079 124 CAP.
1109 93 1163 125 17.
1192 94 1245 125 18.
1557 107 1584 125 a.
1604 107 1634 125 u.
1655 99 1716 125 538.

94 209 135 239 11
152 197 278 252 idque
310 197 513 252 praesidii
540 195 721 239 Casilini
752 197 973 238 habebant
997 197 1192 239 Romani.
1244 197 1415 238 additur
1442 199 1485 239 et
1509 197 1716 240 Perusina

152 257 323 311 cohors,
367 256 563 298 homines
609 255 913 311 quadringenti
959 256 1199 311 sexaginta,
1244 256 1393 297 eodem
1437 256 1588 297 nuntio
1633 272 1716 311 quo

92 326 134 357 12
151 316 417 357 Praenestini
460 329 621 370 paucos
672 317 773 356 ante
831 315 919 357 dies
970 314 1206 357 Casilinum
1257 315 1462 369 conpulsi.
1525 318 1568 356 et
1611 316 1718 358 satis

149 375 282 415 ferme
309 377 573 416 armatorum
601 374 653 415 ad
677 376 766 414 tam
793 375 948 428 exigua
974 374 1143 416 moenia
1170 376 1212 414 et
1237 374 1411 415 flumine
1433 375 1568 415 altera
1593 377 1716 428 parte

153 433 294 474 cincta
323 434 482 474 tuenda
515 436 622 486 erat3
656 434 833 486 penuria
865 433 1082 487 frumenti,
1114 433 1294 474 nimium
1329 434 1461 474 etiam
1486 435 1535 474 ut
1560 433 1719 474 videre-

151 495 222 532 tur
254 492 487 546 hominum,
520 492 746 534 efficiebat.

81 552 133 594 18
270 551 490 592 Hannibal
522 566 618 592 cum
650 551 737 592 iam
767 551 864 592 inde
895 551 1010 592 haud
1042 552 1192 606 procul
1224 553 1349 604 esset,
1382 550 1590 592 Gaetulos
1623 565 1718 592 cum

151 610 381 665 praefecto,
412 611 587 652 nomine
613 610 764 663 Isalca,
795 611 1047 665 praemittit,
1079 624 1129 651 ac
1154 610 1308 664 primo,
1337 610 1373 650 si
1399 610 1476 651 fiat
1502 610 1719 664 conloquii

152 669 288 724 copia,
314 670 455 711 verbis
483 670 682 724 benignis
709 669 761 710 ad
789 673 937 723 portas
965 669 1222 722 aperiundas
1242 669 1590 724 praesidiumque
1611 669 1718 710 acci-

151 728 353 782 piendum
373 729 578 782 perlicere
604 729 736 781 iubet,
763 730 798 769 si
826 729 871 769 in
896 728 1132 782 pertinacia
1157 730 1363 782 perstent,
1389 728 1431 768 vi
1456 742 1545 768 rem
1572 742 1718 782 gerere

109 799 129 830 2
152 802 200 829 ac
226 790 451 841 temptare,
479 788 515 828 si
541 802 625 841 qua
644 790 766 841 parte
787 787 988 828 invadere
1008 787 1158 828 urbem
1179 786 1327 840 possit.
1377 787 1451 827 ubi
1471 786 1524 827 ad
1545 787 1718 828 moenia

152 860 392 900 accessere,
423 847 524 900 quia
557 846 775 887 silentium
808 849 920 898 erat,
952 845 1136 886 solitudo
1167 845 1275 898 visa3
1315 847 1516 899 metuque
1548 860 1717 887 conces-

152 920 247 946 sum
278 906 488 946 barbarus
522 909 641 946 ratus
675 905 818 945 moliri
850 907 998 957 portas
1033 906 1075 944 et
1107 905 1296 945 claustra
1321 904 1557 959 refringere
1583 907 1719 959 parat,

109 976 129 1006 3
152 978 247 1005 cum
279 964 504 1018 patefactis
538 966 714 1017 repente
747 965 881 1016 portis
915 963 1115 1004 cohortes
1149 963 1279 1016 duae,
1317 963 1370 1004 ad
1408 963 1450 1004 id
1482 963 1624 1017 ipsum
1656 964 1720 1004 in-

152 1025 340 1064 structae
372 1024 502 1076 intus,
533 1023 701 1077 ingenti
735 1036 831 1063 cum
861 1022 1052 1063 tumultu
1085 1024 1314 1076 erumpunt
1348 1025 1620 1076 stragemque
1645 1022 1720 1063 ho-

109 1094 131 1124 4
153 1082 283 1122 stium
310 1082 487 1123 faciunt.
537 1082 600 1122 ita
625 1081 775 1135 primis
802 1081 985 1135 repulsis
1014 1080 1242 1123 Maharbal
1269 1095 1365 1122 cum
1385 1081 1546 1122 maiore
1567 1081 1720 1122 robore

109 1153 129 1183 5
153 1141 341 1181 virorum
373 1141 527 1181 missus
560 1154 638 1181 nec
678 1140 770 1194 ipse
802 1140 1073 1193 eruptionem
1106 1140 1348 1181 cohortium
1381 1140 1598 1181 sustinuit.
1648 1154 1721 1193 po-

152 1202 313 1240 stremo
329 1199 550 1240 Hannibal
571 1200 723 1240 castris
746 1202 842 1240 ante
870 1199 964 1252 ipsa
990 1199 1160 1239 moenia
1185 1199 1339 1252 positis
1367 1213 1543 1252 parvam
1570 1199 1721 1240 urbem

151 1273 418 1313 parvumque
451 1259 711 1312 praesidium
745 1273 912 1298 summa
944 1258 986 1298 vi
1020 1260 1147 1312 atque
1186 1258 1385 1299 omnibus
1421 1258 1554 1312 copiis
1588 1272 1720 1311 oppu-

152 1330 285 1371 gnare
317 1320 460 1371 parat,
501 1332 567 1371 ac,
609 1317 708 1358 dum
747 1317 882 1358 instat
919 1317 1195 1371 lacessitque,
1233 1331 1393 1358 corona
1425 1317 1609 1370 undique
1643 1316 1720 1357 cir-

152 1376 363 1418 cumdatis
389 1377 632 1429 moenibus,
666 1376 831 1429 aliquot
856 1376 1017 1416 milites
1045 1378 1087 1416 et
1111 1376 1481 1430 promptissimum
1508 1390 1719 1430 quemque

110 1450 129 1480 6
152 1449 173 1475 e
196 1450 317 1476 muro
337 1436 611 1490 turribusque
633 1436 741 1476 ictos
763 1435 918 1477 amisit.
964 1435 1095 1476 semel
1121 1435 1232 1476 ultro
1260 1435 1521 1488 erumpentis
1549 1435 1720 1489 agmine

152 1494 482 1547 elephantorum
515 1494 714 1548 opposito
747 1508 880 1548 prope
914 1493 1175 1546 interclusit,
1214 1493 1491 1547 trepidosque
1529 1493 1721 1547 conpulit

151 1553 196 1593 in
228 1553 389 1607 urbem,
422 1553 526 1594 satis
559 1552 706 1593 multis
739 1556 786 1593 ut
818 1567 867 1593 ex
899 1552 1021 1593 tanta
1046 1552 1262 1606 paucitate
1288 1553 1536 1593 interfectis.
1574 1553 1720 1605 plures

112 1626 130 1656 7
154 1612 426 1665 cecidissent,
466 1612 511 1652 ni
544 1627 629 1653 nox
660 1612 825 1664 proelio
859 1611 1172 1652 intervenisset.
1221 1613 1394 1664 postero
1428 1611 1494 1651 die
1526 1611 1720 1651 omnium

154 1670 288 1711 animi
321 1671 373 1711 ad
406 1670 742 1725 oppugnandum
775 1670 1081 1724 accenduntur,
1119 1670 1265 1724 utique
1297 1672 1528 1723 postquam
1562 1684 1721 1711 corona

155 1775 325 1819 dagegen
357 1779 418 1817 22,
454 1778 514 1817 15,
548 1779 569 1808 4
604 1776 689 1809 urbs
722 1774 898 1809 Volturno

154 1823 303 1865 flumine
329 1823 517 1866 dirempta.

204 1885 258 1916 11.
303 1882 470 1927 additur]
512 1880 655 1924 „damit
694 1879 900 1924 vereinigte

155 1928 245 1970 sich,
273 1928 365 1962 dazu
390 1929 546 1973 gesellte
574 1927 687 1962 sich“.
715 1948 758 1952 —
788 1927 900 1961 Peru-

153 1976 253 2021 sina]
290 1986 355 2010 aus
388 1975 543 2010 Perusia
576 1974 614 2008 in
648 1973 900 2017 Siidetrurien,

153 2023 192 2056 in
205 2023 269 2057 der
278 2023 385 2057 N‘ahe
400 2023 463 2058 des
472 2020 900 2056 TrasimenischenSees.

206 2086 220 2115 1
228 2085 247 2114 2
254 2109 261 2115 .
288 2082 378 2116 satis
385 2082 430 2127 fi]
443 2092 591 2125 „genug
601 2080 713 2122 wohl,
723 2079 902 2114 vollstan—

975 1775 1164 1818 effrinyere
1177 1776 1247 1817 (24,
1263 1778 1319 1817 46,
1336 1775 1382 1817 5).
1399 1794 1442 1798 -
1458 1773 1584 1818 parat]
1597 1772 1719 1808 PraeS.

975 1820 1062 1855 hist.
1088 1832 1154 1855 vor
1181 1831 1263 1854 cum
1290 1821 1478 1855 inversum
1505 1821 1633 1855 selten.

1023 1871 1054 1902 3.
1100 1868 1208 1912 duae]
1248 1868 1330 1911 „die
1369 1867 1538 1910 beiden“,
1574 1868 1623 1901 da
1660 1866 1720 1902 die

976 1925 1094 1959 ganze
1102 1913 1153 1949 Be
1159 1917 1313 1959 satzung
1326 1927 1396 1949 nur
1407 1926 1473 1949 aus
1483 1914 1573 1949 zwei
1580 1914 1721 1949 Kohor-

975 1964 1039 1995 ten
1064 1961 1234 1998 bestand.
1280 1962 1347 1996 Bei
1367 1962 1431 1996 der
1451 1961 1719 2006 Verteidigung

977 2009 1040 2043 des
1067 2009 1211 2043 Platzes
1238 2009 1389 2043 wurden
1423 2009 1475 2043 sie
1508 2008 1623 2043 durch
1650 2008 1722 2043 den

979 2056 1070 2089 Rest
1095 2056 1159 2090 der
1185 2056 1388 2090 Bewohner
1414 2056 1647 2090 unterstsitzt‘.

1407 2114 1445 2136 er
1475 2103 1543 2136 hat
1573 2102 1721 2136 bessere·

156 2128 222 2172 dig
236 2131 395 2172 genug“.
424 2149 467 2153 —
495 2128 654 2173 moenia]
677 2127 903 2170 „Festung“,

154 2174 194 2208 in
226 2175 345 2218 bezug
381 2175 446 2209 auf
480 2176 616 2218 eoeiyua
654 2174 715 2207 die
749 2172 904 2207 Mauern

156 2221 283 2264 selbst,
310 2221 348 2255 in
367 2222 488 2265 bezug
508 2222 573 2255 auf
591 2222 711 2255 cincta
731 2220 819 2254 aber
840 2220 904 2253 der

155 2280 230 2303 von
255 2268 367 2302 ihnen
405 2268 727 2312 eingeschlossene
754 2266 830 2301 Ort.
860 2287 902 2291 —

153 2317 274 2350 altera
293 2315 351 2361 p]
393 2315 472 2350 Liv.
505 2315 610 2359 giebt
644 2314 708 2348 der
738 2314 903 2357 Festung

156 2374 227 2397 nur
252 2363 342 2396 zwei
370 2362 506 2406 Seiten,
533 2362 685 2395 Norden
711 2373 745 2396 n.
768 2360 902 2402 Sfiden,

154 2410 283 2444 Mauer
309 2422 343 2443 u.
370 2409 493 2452 Fluss,
519 2408 645 2443 indem
671 2407 778 2442 beide
804 2406 903 2441 wohl

156 2457 328 2501 gebogen
348 2469 391 2490 zu
406 2456 554 2491 denken
569 2455 653 2490 sind
667 2466 701 2490 n.
717 2454 776 2488 die
792 2454 902 2488 Stadt

155 2504 370 2584 amhflusse
402 2503 467 2537 hin
499 2504 577 2538 sich
609 2503 647 2537 in
680 2501 739 2537 die
773 2501 902 2546 L’ange

156 2561 209 2584 zie
259 2579 265 2585 .

206 2608 270 2644 18.
312 2613 341 2644 1.
380 2609 594 2654 Hannibal]
634 2607 811 2642 Derselb'e
836 2607 903 2641 hat

158 2656 229 2690 den
236 2656 441 2691 Volturnus
455 2655 732 2691 fiberschritten
747 2667 780 2688 u.
796 2654 906 2688 ruckt

159 2703 226 2736 auf
242 2703 307 2738 der
326 2703 524 2738 Nordseite
541 2703 604 2737 des
618 2703 766 2736 Flusses
777 2701 903 2735 heran.

207 2766 238 2797 2.
278 2762 493 2805 concessum]
532 2773 641 2805 „man
677 2760 730 2795 sei
755 2770 903 2804 wegge-

161 2818 286 2852 zogen,
306 2809 403 2843 habe
424 2809 495 2843 den
514 2808 619 2842 Platz
633 2809 837 2853 geraumt“.
860 2826 904 2831 —

159 2855 296 2899 moliri]
313 2855 620 2900 „aufsprengen“,
641 2866 820 2900 synonym
834 2853 904 2888 mit

1026 2107 1058 2136 4.
1103 2103 1239 2137 maiore
1275 2103 1365 2147 rob]

978 2149 1151 2193 Truppen
1177 2162 1210 2183 u.
1240 2150 1321 2183 eine
1353 2149 1513 2193 grossere
1546 2148 1648 2182 Zahl.
1674 2168 1719 2173 —-

977 2196 1123 2240 missus]
1150 2195 1297 2239 Partic.‚
1329 2196 1434 2229 nicht
1460 2195 1575 2229 durch
1601 2198 1651 2229 est
1677 2207 1720 2229 zu

977 2242 1330 2287 vervollstandigen.
1357 2262 1401 2267 -—
1426 2253 1490 2276 ‘nec
1509 2242 1600 2287 ipse]
1617 2259 1661 2271 =
1676 2253 1721 2276 ne

977 2290 1053 2333 ipse
1089 2290 1243 2333 quidem,
1285 2289 1466 2323 ebenfalls
1504 2289 1623 2323 nicht:
1664 2293 1720 2333 34,

978 2339 1034 2379 32,
1061 2339 1098 2379 93
1126 2340 1181 2380 37,
1207 2340 1263 2379 20,
1291 2340 1327 2379 83
1356 2340 1388 2379 3,
1415 2339 1471 2380 52,
1499 2340 1530 2370 9.

1026 2386 1057 2417 5.
1090 2384 1315 2428 oppuyna·7·e]
1351 2383 1447 2417 denn
1474 2395 1537 2417 zur
1562 2382 1718 2427 Belage—

978 2440 1082 2474 rung,
1109 2431 1259 2472 obsidio,
1281 2432 1382 2465 einer
1404 2430 1514 2465 Stadt
1532 2430 1571 2464 in
1584 2429 1720 2464 Italien

977 2477 1044 2511 hat
1069 2477 1257 2512 Hannibal
1291 2478 1389 2512 noch
1420 2477 1525 2512 nicht
1555 2477 1615 2511 die
1648 2475 1718 2511 Ge-

977 2523 1076 2558 duld.

1026 2575 1057 2606 6.
1084 2572 1369 2617 elephantorum]
1396 2571 1517 2605 indem
1545 2569 1605 2604 die
1624 2569 1716 2614 Kap.

980 2621 1034 2660 13,
1057 2622 1075 2651 7
1103 2618 1362 2653 beschlossene
1383 2617 1637 2661 Verstarkung
1651 2628 1717 2651 aus

977 2664 1110 2699 Afrika
1128 2665 1350 2699 inzwischen
1370 2664 1639 2708 angekommen
1653 2664 1716 2707 ist3

979 2711 1076 2746 denn
1096 2723 1169 2746 von
1188 2712 1315 2746 frflher
1334 2712 1401 2746 her
1419 2711 1523 2745 hatte
1543 2721 1582 2745 er
1602 2711 1717 2745 sehon

978 2769 1045 2793 vor
1083 2758 1201 2793 einem
1244 2758 1335 2793 Jahr
1367 2770 1436 2792 nur
1471 2757 1567 2792 noch
1611 2757 1718 2792 einen

979 2805 1145 2850 einzigen
1160 2805 1355 2840 Elefanten
1369 2804 1510 2850 gehabt
1523 2805 1592 2848 (22,
1602 2808 1635 2848 2,
1646 2805 1716 2847 10).

1030 2856 1059 2888 7.
1087 2863 1220 2887 corona
1246 2864 1325 2887 aur.
1352 2851 1460 2897 muoz]
1488 2851 1583 2885 nach
1604 2850 1717 2886 romi-
