1882 3163
87 226 132 257 10

90 405 131 434 11

88 522 130 552 12

92 699 134 730 13

91 818 134 849 14

95 1173 137 1203 15

99 1410 140 1440 16

98 1529 140 1559 17

156 106 214 148 40
642 105 785 140 LIBER
811 105 959 140 XXIIII.
987 105 1089 140 CAP.
1116 109 1170 142 22.

1499 125 1525 142 a.
1553 125 1581 142 u.
1607 124 1630 142 c.
1657 118 1721 144 540.

160 217 287 270 atque
327 215 504 256 arduum
537 229 640 255 esse.
691 214 878 268 spatium
911 217 1096 255 sumeret
1128 214 1181 255 ad
1213 215 1543 257 consultandum
1577 217 1629 258 ab
1660 217 1718 259 le-

161 275 291 330 gatis3
325 289 373 315 eo
405 276 596 315 uteretur
628 273 681 314 ad
713 273 988 314 arcessendos
1021 287 1070 314 ex
1103 272 1326 314 Leontinis
1358 275 1534 325 milites,
1566 276 1722 330 quibus

162 334 197 375 si
235 334 460 388 pecuniam
499 333 663 388 regiam
700 332 916 386 pollicitus
956 335 1089 385 esset,
1134 332 1279 373 omnia
1310 333 1354 374 in
1385 336 1598 387 potestate
1630 335 1720 376 eius

160 393 318 435 futura.
368 393 471 433 haec
498 392 726 433 muliebria
752 392 930 433 consilia
950 391 1287 433 Andranodorus
1307 406 1444 446 neque
1463 395 1558 435 tota
1579 408 1720 448 asper-

157 456 287 493 natus
320 454 385 493 est
420 466 557 506 neque
591 452 803 505 extemplo
836 451 1016 505 accepit,
1048 451 1251 492 tutiorem
1285 451 1337 492 ad
1371 465 1472 506 opes
1505 452 1723 494 adfectan-

162 511 237 553 das
268 514 387 552 ratus
422 525 513 552 esse
544 510 676 563 viam,
709 511 743 551 si
775 511 819 551 in
845 510 1087 564 praesentia
1112 511 1296 564 tempori
1322 511 1530 553 cessisset.
1577 512 1725 567 itaque

159 570 327 626 legatos
366 570 612 612 renuntiare
649 570 777 611 iussit
807 570 998 610 futurum
1031 584 1075 610 se
1107 569 1152 610 in
1186 571 1357 610 senatus
1391 585 1439 612 ac
1469 571 1618 625 populi
1649 586 1724 625 po-

160 632 330 671 testate.
378 632 552 684 postero
584 629 651 670 die
683 630 773 671 luce
806 629 945 682 prima
976 628 1203 682 patefactis
1229 628 1400 670 Insulae
1426 630 1563 683 portis
1589 631 1633 671 in
1658 630 1721 672 fo-

161 704 255 730 rum
288 689 559 730 Achradinae
591 688 717 729 venit.
767 688 827 729 ibi
858 688 904 728 in
937 703 1054 728 aram
1076 686 1359 741 Concordiae,
1392 702 1442 729 ex
1474 704 1557 743 qua
1588 690 1725 744 pridie

160 747 400 803 Polyaenus
440 748 714 790 contionatus
747 750 853 801 erat,
892 746 1084 788 escendit
1121 747 1441 802 orationemque
1474 763 1568 789 eam
1601 762 1723 790 orsus

162 810 245 862 est,
290 822 373 862 qua
416 807 601 861 primum
646 806 930 848 cunctationis
973 820 1073 846 suae
1111 806 1280 847 veniam
1318 807 1489 860 petivit:
1534 822 1577 848 se
1610 808 1724 851 enim

161 867 329 908 clausas
374 866 575 908 habuisse
619 869 767 919 portas
805 880 892 907 non
931 867 1200 918 separantem
1238 880 1335 906 suas
1376 880 1442 907 res
1475 881 1500 907 a
1530 867 1728 921 publicis,

162 926 235 967 sed
275 926 436 967 strictis
478 926 608 966 semel
648 925 801 979 gladiis
839 925 1081 976 timentem,
1128 924 1201 978 qui
1239 924 1335 965 finis
1374 925 1572 967 caedibus
1611 930 1726 968 esset

161 985 351 1039 sunu-,us
383 987 545 1038 utrum,
579 984 690 1038 quod
719 983 825 1025 satis
847 983 1039 1024 libertati
1059 982 1187 1032 for,et
1220 984 1411 1024 contenti
1431 999 1533 1025 nece
1553 986 1726 1039 tyranni

164 1046 323 1097 essent,
357 1059 430 1098 an,
464 1044 715 1109 quicumque
749 1045 823 1084 aut
854 1042 1176 1096 propinquitate
1203 1044 1277 1082 aut
1302 1042 1523 1084 adfinitate
1551 1046 1624 1084 aut
1651 1044 1727 1085 ali-

163 1104 258 1158 quis
296 1102 547 1144 ministeriis
586 1102 750 1158 regiam
790 1101 1091 1156 contigissent,
1130 1101 1291 1142 alienae
1325 1101 1474 1155 culpae
1506 1102 1567 1143 rei
1598 1103 1726 1144 truci—

165 1163 376 1203 darentur
426 1164 657 1216 postquam
678 1161 1027 1202 animadverterit
1047 1174 1137 1210 eOS,
1163 1160 1234 1214 qui
1254 1160 1508 1202 liberassent
1527 1162 1730 1227 patriam,

164 1235 332 1262 servare
375 1221 504 1262 etiam
547 1221 771 1262 liberatam
810 1220 938 1274 velle,
983 1222 1109 1274 atque
1150 1219 1336 1274 undique
1369 1221 1533 1261 consuli
1565 1221 1610 1262 in
1642 1236 1728 1262 me-

165 1281 299 1335 dium,
344 1295 431 1322 non
471 1280 706 1334 dubitasse,
754 1280 855 1334 quin
894 1282 936 1320 et
976 1293 1130 1332 corpus
1171 1293 1293 1319 suum
1327 1281 1369 1320 et
1401 1282 1541 1320 cetera
1573 1280 1728 1335 omnia,

167 1355 275 1394 quae
308 1354 409 1380 suae
440 1340 539 1380 fidei
570 1340 813 1394 tutelaeque
847 1341 1007 1391 essent,
1040 1338 1241 1392 quoniam
1274 1352 1386 1392 eum,
1427 1339 1499 1393 qui
1532 1339 1727 1380 mandas-

169 1401 250 1453 set,
296 1414 396 1440 suus
442 1399 560 1440 furor
605 1399 933 1453 absumpsisset,
975 1397 1140 1452 patriae
1184 1397 1439 1438 restitueret.
1501 1412 1730 1440 conversus

166 1458 315 1499 deinde
357 1458 409 1499 ad
448 1458 742 1499 interfectores
781 1457 957 1512 tyranni
997 1471 1045 1498 ac
1076 1456 1247 1498 nomine
1281 1454 1502 1510 appellans
1536 1457 1733 1500 Theodo-

168 1520 260 1558 tum
302 1532 351 1559 ac
384 1516 510 1559 Sosin
549 1516 758 1558 ‘facinus’
792 1517 931 1571 inquit
964 1515 1263 1557 ‘memorabile
1294 1515 1474 1557 fecistis:
1520 1516 1592 1557 sed
1623 1517 1730 1558 mihi

213 1661 267 1692 10.
290 1658 338 1692 ad
359 1657 653 1703 consultandum]
675 1657 809 1701 absol.;
836 1658 909 1702 vgl.

163 1709 279 1787 3815·
301 1752 507 1798 muliebria]
542 1769 585 1780 =
617 1753 799 1794 mulieris;
836 1753 910 1797 vgl.

164 1804 469 1892 zualit'feztandas]
511 1847 594 1881 ‘mit
632 1847 807 1881 Aussicht
849 1847 917 1882 auf

163 1894 323 1940 Erfolg’‚
349 1895 418 1930 wie
433 1894 493 1937 29,
523 1899 555 1938 6,
584 1900 600 1928 1
628 1905 706 1938 spes
727 1895 912 1937 adfectan-

166 1943 233 1977 dae
258 1944 334 1977 eius
360 1944 413 1977 rei
438 1953 481 1977 ea:
505 1943 659 1976 mz‘m‘ma
683 1953 721 1976 re
746 1943 911 1985 adfulsit.

167 1990 349 2033 adfectare
398 1989 489 2024 wird
539 1989 807 2033 vorzugsweise
853 1989 911 2024 bei

166 2037 586 2072 hochverratherischen
611 2037 752 2071 Pl'anen
780 2039 849 2080 (25,
875 2038 911 2080 4)

167 2085 374 2129 gebraucht
406 2084 481 2118 und
508 2095 602 2118 zwar
628 2095 699 2118 von
725 2084 825 2118 allen
850 2084 913 2118 Hi-

168 2132 351 2166 storikern
377 2131 464 2175 (Cio.
493 2133 681 2175 appetere).

217 2195 269 2224 14.
302 2190 443 2234 habere]
478 2190 547 2223 mit
578 2190 675 2223 Part.
709 2190 798 2224 oder
830 2189 911 2233 Adj.

169 2254 212 2266 =
239 2240 352 2272 etwas
377 2237 415 2271 in
435 2236 555 2271 einem
570 2236 753 2271 Zustande
772 2237 911 2271 halten.

216 2296 407 2341 timentem]
435 2296 516 2329 hier
529 2295 581 2329 ‘in
602 2294 828 2338 'angstlicher
842 2294 912 2328 Un-

171 2343 384 2388 gewissheit
404 2343 511 2385 sein',
532 2342 600 2376 wie
624 2341 685 2382 27,
705 2345 760 2384 47,
782 2345 801 2375 5
817 2341 912 2375 nach

169 2402 258 2426 cura
278 2391 431 2435 uomebat
452 2389 510 2424 ein
530 2389 760 2433 abhangiger
779 2388 911 2433 Frage-

170 2440 247 2472 satz
271 2438 382 2483 folgt3
408 2437 481 2482 vgl.
510 2449 552 2470 zu
579 2441 612 2480 2,
638 2440 669 2470 4.

218 2486 367 2531 aliquis]
398 2485 456 2519 bei
470 2484 510 2518 L.
531 2483 586 2518 oft
605 2485 698 2518 statt
717 2483 912 2527 aliquibus,

171 2533 304 2567 ebenso
342 2533 423 2576 quis
450 2549 492 2560 =
519 2532 649 2575 quibus
687 2529 914 2564 namentlich

171 2579 209 2613 in
236 2580 301 2614 der
325 2580 472 2614 Formel
498 2580 539 2613 in
565 2579 645 2622 quis
678 2578 751 2621 (21,
786 2582 841 2621 62,
869 2581 914 2610 2.

218 2637 506 2683 trucidarentur]
535 2649 560 2671 s.
588 2649 633 2670 zu
658 2641 714 2679 30,
742 2641 796 2671 14.

222 2700 275 2732 15.
303 2698 442 2732 consuli
472 2698 514 2731 in
538 2696 710 2741 medium]
737 2695 796 2738 32,
818 2699 873 2738 21,
897 2699 913 2728 1

172 2745 212 2778 in
237 2755 419 2778 commune
444 2744 601 2786 consuli,
626 2743 685 2777 fiir
712 2743 777 2777 das
803 2743 916 2787 allge-

174 2791 291 2825 meine
319 2791 428 2826 Beste
455 2802 597 2835 sorgen.

222 2849 350 2881 eorpus
375 2840 496 2883 suum]
533 2838 626 2872 ‘sich
654 2837 784 2879 selbst,
817 2836 916 2871 seine

173 2884 340 2929 Person',
385 2886 508 2920 indem
554 2896 682 2929 eorpus
726 2897 788 2918 zur
831 2884 917 2918 Um-

985 1655 1205 1700 schreibung
1243 1655 1306 1689 der
1342 1656 1480 1689 Person
1517 1656 1729 1691 verwendet

984 1703 1093 1746 wird,
1124 1702 1287 1737 insofern
1321 1713 1357 1736 es
1385 1702 1463 1736 sich
1487 1715 1555 1736 nur
1580 1715 1643 1737 um
1669 1703 1731 1738 die

984 1749 1188 1785 materie-lle
1211 1749 1310 1784 Seite
1336 1750 1506 1793 handelt3
1534 1751 1649 1785 daher
1675 1751 1731 1785 oft

984 1798 1022 1832 in
1054 1797 1345 1832 ver'achtlichem
1373 1796 1499 1840 Sinne,
1535 1809 1562 1832 Ζ.
1590 1798 1629 1832 Β.
1659 1809 1730 1833 von

987 1845 1166 1888 Sklaven3
1199 1845 1272 1889 vgl.
1294 1843 1355 1887 22,
1381 1848 1437 1888 22,
1460 1849 1477 1878 7
1499 1845 1730 1890 transfuqam

988 1904 1100 1926 unum
1124 1893 1194 1927 vile
1218 1896 1324 1936 atque
1349 1892 1486 1934 infame
1511 1903 1641 1936 eorpus
1660 1903 1731 1927 esse

986 1944 1099 1974 ratus.

1033 1991 1147 2022 cetera
1172 1986 1309 2031 omnia]
1337 1985 1436 2020 diese
1459 1985 1533 2020 fast
1553 1986 1732 2021 stehende

986 2034 1196 2078 Wortfolge
1222 2033 1445 2068 beobachtet
1470 2033 1563 2067 auch
1578 2033 1618 2068 L.
1640 2035 1733 2068 stets

986 2082 1055 2116 mit
1095 2082 1309 2115 Ausnahme
1353 2081 1452 2115 einer
1496 2080 1611 2115 Stelle
1656 2081 1729 2124 (22,

988 2133 1042 2172 52,
1079 2132 1119 2163 5:
1170 2129 1285 2162 omnis
1319 2131 1435 2162 cetera
1466 2128 1605 2170 praeda
1639 2128 1730 2162 diri-

984 2177 1122 2220 pienda
1147 2176 1235 2210 data
1260 2178 1327 2216 est,
1354 2174 1443 2208 aber
1462 2177 1518 2216 40,
1547 2178 1588 2207 15
1615 2177 1731 2209 cetera

986 2223 1100 2257 omnis
1114 2222 1258 2266 praeda
1271 2221 1449 2255 Romanis
1466 2232 1629 2256 concessa
1649 2223 1732 2265 est);

987 2270 1120 2304 ebenso
1152 2269 1292 2312 reliqua
1318 2269 1439 2302 omma
1466 2268 1575 2311 (doch
1607 2270 1731 2303 omnia

985 2318 1125 2361 ¹reliqua
1156 2316 1251 2350 auch
1277 2314 1434 2359 Cicero),
1470 2316 1644 2350 wahrend
1671 2316 1732 2351 die

984 2364 1034 2397 im
1060 2363 1271 2398 Deutschen
1297 2362 1538 2406 umgekehrte
1560 2363 1731 2408 Stellung

984 2411 1099 2445 leicht
1153 2422 1215 2444 zur
1264 2410 1508 2454 Anwendung
1557 2410 1621 2445 des
1671 2410 1732 2445 bei

985 2459 1056 2492 den
1106 2457 1315 2492 Classikern
1368 2457 1732 2500 ungebrauchlichen

987 2507 1064 2539 alia
1100 2506 1222 2539 omnia
1260 2504 1352 2548 (dies
1387 2504 1476 2538 aber
1509 2503 1569 2538 bei
1605 2504 1732 2538 Livius

988 2553 1070 2587 sehr
1089 2552 1232 2596 haufig3
1263 2556 1316 2595 19,
1342 2555 1363 2585 8
1384 2562 1494 2596 sogar
1513 2552 1635 2585 onmia
1655 2552 1735 2586 alia.

989 2612 1014 2634 s.
1043 2612 1086 2634 zu
1115 2604 1145 2643 1,
1173 2602 1207 2643 6)
1234 2599 1414 2633 verleitet.

1036 2648 1166 2681 tutelae
1191 2647 1318 2691 essent]
1346 2645 1452 2680 daffir
1472 2646 1555 2689 sagt
1575 2645 1615 2680 L.
1636 2645 1733 2679 auch

988 2695 1053 2728 sub
1086 2695 1197 2728 tulela
1228 2704 1298 2727 esse
1329 2693 1403 2727 und
1437 2693 1478 2726 in
1508 2692 1620 2726 tutela
1649 2703 1731 2727 esse.

1040 2746 1093 2777 16.
1118 2742 1266 2784 facinus
1299 2739 1449 2784 fecistis]
1490 2739 1544 2773 oft
1581 2738 1641 2773 bei
1672 2739 1731 2782 L.;

990 2789 1054 2822 das
1093 2788 1174 2833 Obj.
1219 2799 1304 2822 vom
1347 2787 1518 2830 gleichen
1556 2785 1732 2829 stamme,

990 2835 1057 2870 wie
1084 2839 1166 2870 acta
1192 2846 1312 2879 ayere,
1337 2837 1419 2868 rota
1443 2843 1585 2874 vovere,
1606 2844 1735 2877 pacem„

987 2883 1126 2927 pacisci
1151 2895 1184 2916 u.
1213 2893 1264 2925 a.‚
1289 2881 1362 2926 vgl.
1391 2893 1435 2915 zu
1463 2885 1517 2923 16,
1544 2884 1597 2915 11.
