1882 3163
130 151 159 169 a.
188 143 255 169 Chr.
281 151 310 168 n.
337 144 397 169 215.

664 131 809 166 LIBER
834 132 982 167 XXIIII.
1023 131 1126 167 CAP.
1153 136 1184 167 6.
1650 133 1702 174 13

133 241 378 296 spectabat3
421 240 640 295 legatique
672 240 725 281 ad
760 238 1052 281 Hannibalem
1097 240 1219 282 missi
1258 255 1306 282 ac
1352 241 1518 282 remissi
1557 241 1610 283 ab
1650 255 1699 283 eo
1727 254 1746 284 2

130 315 228 342 cum
272 300 516 341 Hannibale
560 299 696 340 nobili
742 298 1013 340 adulescente
1058 298 1345 353 Hippocrates
1392 302 1434 341 et
1474 299 1700 367 Epicydes,

132 360 224 400 nati
252 357 528 414 Carthagine,
561 358 634 399 sed
663 357 832 399 oriundi
859 357 912 398 ab
936 356 1157 411 Syracusis
1184 359 1305 400 exule
1333 374 1425 412 avo,
1456 358 1626 401 Poeni
1614 360 1700 413 1psi

133 421 327 460 materno
367 432 533 473 genere

594 431 670 470 per
707 416 787 458 hos
825 416 971 457 iuncta
1009 417 1190 458 societas
1222 417 1459 459 Hannibali
1491 433 1539 459 ac
1572 417 1699 472 Syra·
1726 432 1746 461 3

133 492 291 519 cusano
323 479 527 531 tyrann03
565 490 644 516 nec
675 475 810 517 invito
842 474 1088 517 Hannibale
1123 476 1234 530 apud
1268 478 1500 529 tyrannum
1533 492 1699 518 manse-

132 539 246 578 runt.

307 536 476 590 Appius
515 534 720 577 Claudius
759 536 950 588 praetor,
989 534 1109 575 cuius
1151 533 1298 576 Sicilia
1336 536 1557 589 provincia
1596 539 1700 590 erat,
1726 549 1747 579 4

132 595 206 636 ubi
239 610 289 636 ea
320 595 499 648 accepit,
537 593 752 647 extemplo
791 593 958 648 legatos
998 593 1050 634 acl
1083 593 1397 647 Hieronymum
1434 595 1564 636 misit.

1627 596 1699 650 qui

132 668 229 695 cum
261 669 353 695 sese
380 654 432 695 ad
458 652 748 694 renovandam
775 652 1038 705 societatem,
1070 667 1179 707 quae
1206 667 1302 694 cum
1329 667 1409 694 avo
1437 653 1600 708 fuisset,
1632 669 1699 695 ve-

130 713 246 754 nisse
280 713 485 765 dicerent,
524 726 599 766 per
636 711 869 753 ludibrium
905 711 1039 752 auditi
1071 711 1320 766 dimissique
1354 715 1455 753 sunt
1487 713 1541 754 ab
1575 728 1700 768 quae-

129 774 251 814 rente
283 786 358 826 per
389 772 529 813 iocum
555 770 835 825 Hieronymo,
869 785 976 824 quae
1008 770 1183 812 fortuna
1215 771 1275 812 eis
1307 784 1479 826 pugnae
1513 772 1566 813 ad
1592 771 1699 814 Can·
1727 784 1746 814 5

129 846 208 872 nas
252 831 422 872 fuisset:
466 830 538 871 vix
580 829 800 871 credibilia
841 830 956 870 enim
996 830 1163 885 legatos
1202 829 1465 872 Hannibalis
1507 845 1699 885 narrare3

130 890 250 944 velle,
286 889 387 944 quid
418 889 508 930 veri
541 889 609 943 sit,
642 889 762 943 scire,
793 890 842 929 ut
868 903 918 929 ex
944 903 1005 943 eo,
1038 891 1180 930 utram
1207 904 1327 943 spem
1354 891 1569 944 sequatur,
1603 904 1698 932 con-

132 949 276 990 silium
309 948 462 1003 capiat.

522 947 718 998 Romani,
752 962 847 989 cum
881 948 990 989 serio
1023 948 1263 1003 legationes
1297 948 1442 989 audire
1475 949 1700 1004 coepisset,
1727 962 1746 992 6

130 1008 343 1049 redituros
377 1022 420 1048 se
454 1007 507 1048 ad
539 1022 636 1048 eum
669 1006 858 1048 dicentes
891 1021 994 1060 esse,
1026 1009 1190 1049 monito
1217 1008 1356 1063 magis
1389 1022 1438 1049 eo
1472 1023 1600 1063 quam
1631 1023 1699 1050 ro-

133 1071 248 1122 gato,
279 1081 332 1108 ne
364 1066 490 1107 fidem
522 1069 682 1107 temere
709 1068 906 1119 mutaret,
937 1066 1275 1120 proficiscuntur.
1324 1066 1616 1121 Hieronymus
1642 1068 1699 1108 le-

131 1128 257 1180 gatos
291 1124 599 1180 Carthaginem
625 1125 744 1166 misit
769 1125 822 1166 ad
848 1124 997 1166 foedus
1025 1140 1077 1166 ex
1102 1126 1306 1167 societate
1333 1141 1428 1167 cum
1455 1125 1699 1168 Hannibale

129 1187 258 1239 pacta
298 1184 554 1226 faciendum.

130 1244 285 1285 lissent
314 1268 363 1272 -

623 1185 839 1237 convenit,
881 1186 946 1238 ut,
990 1198 1086 1225 cum
1124 1184 1345 1226 Romanos
1385 1184 1530 1226 Sicilia
1571 1200 1699 1239 expu-

394 1244 436 1284 id
464 1246 607 1285 autem
632 1244 754 1284 brevi
779 1243 884 1297 fore,
917 1243 952 1284 si
977 1258 1109 1285 naves
1137 1246 1264 1299 atque
1297 1244 1528 1286 exercitum
1560 1245 1699 1286 misis-

130 1305 227 1343 sent
256 1327 304 1331 —
358 1301 540 1343 Himera
573 1302 725 1357 amnis,
761 1302 833 1356 qui
865 1302 999 1343 ferme
1032 1303 1186 1344 dividit
1216 1304 1415 1357 insulam,
1447 1303 1544 1344 finis
1576 1304 1700 1358 regni

130 1360 389 1416 Syracusani
423 1376 472 1403 ac
504 1361 655 1403 Punici
687 1361 857 1427 imperii
890 1364 1013 1403 esset.

1076 1362 1206 1403 aliam
1239 1362 1388 1403 deinde
1421 1362 1594 1403 inflatus
1628 1363 1697 1404 ad-
1726 1376 1745 1406 8

130 1420 447 1462 sentationibus
475 1435 637 1474 eorum,
670 1421 743 1475 qui
776 1435 872 1461 eum
900 1436 987 1462 non
1013 1420 1215 1462 Hieronis
1242 1423 1413 1462 tantum
1440 1421 1513 1462 sed
1539 1420 1699 1476 Pyrrhi

130 1537 181 1571 im
226 1537 306 1571 Lat.
352 1536 608 1571 umschrieben
652 1535 756 1572 wird.
812 1536 879 1571 Bei

130 1585 332 1627 Personen,
365 1584 424 1619 die
452 1586 566 1619 etwas
599 1583 673 1627 (ein
707 1583 797 1626 Ziel)
826 1584 878 1617 im

129 1633 236 1677 Auge
256 1632 390 1675 haben,
412 1632 513 1666 steht
530 1635 691 1675 spectare
707 1631 777 1666 mit
790 1631 876 1666 Acc.

131 1679 220 1713 oder
245 1679 304 1714 ad.

177 1730 209 1760 2.
236 1726 352 1771 missi]
379 1726 437 1760 die
459 1737 529 1760 von
548 1725 794 1770 Hieronymus
814 1736 877 1770 ge-

130 1773 322 1808 schickten
360 1772 574 1807 Gesandten
611 1784 734 1807 waren
768 1773 876 1817 Poly-

132 1819 268 1854 kleitos
295 1832 360 1854 aus
380 1820 525 1864 Kyrene
546 1820 620 1854 und
640 1820 877 1854 Philodemos

134 1867 194 1901 ein
238 1867 407 1911 Argiver.
470 1867 544 1902 Der
593 1866 877 1911 mitgeschickte

130 1914 330 1956 Hannibal,
369 1914 529 1948 welcher
562 1913 757 1948 Trierarch
789 1925 876 1956 war,

130 1961 274 1995 scheint
298 1961 357 1995 die
384 1960 643 2005 Bestimmung
669 1961 808 2005 gehabt
834 1973 877 1995 zu

131 2009 265 2051 haben,
285 2008 461 2042 wahrend
481 2008 547 2042 das
564 2007 798 2052 Briiderpaar
816 2008 877 2042 bei

130 2055 378 2100 Hieronymus
398 2055 510 2098 blieb,
531 2056 656 2099 spater
670 2055 728 2090 die
747 2055 882 2090 Ratifi-

131 2102 256 2137 cation
295 2103 359 2136 cles
391 2102 606 2147 Vertrages‚
645 2102 805 2137 welcher
839 2102 877 2136 in

130 2150 305 2184 Aussicht
341 2150 465 2191 stand,
504 2149 542 2183 in
575 2148 762 2194 Carthago
795 2161 877 2194 per-

130 2196 273 2231 so'nlich
311 2209 356 2231 zu
393 2197 652 2231 beffirworten.
704 2197 772 2232 Die
805 2200 823 2239 ξ
857 2201 875 2231 7

132 2245 346 2278 erw'ahnten
379 2243 589 2279 Gesandten
626 2244 806 2289 begleitet
838 2255 877 2278 cr

131 2291 314 2325 demnach
346 2303 390 2325 zu
422 2291 561 2326 diesem
594 2291 765 2334 Zwecke,
801 2291 877 2325 und

132 2349 172 2372 so
201 2338 293 2372 wird
326 2338 384 2372 die
417 2339 483 2373 auf
511 2339 652 2373 blosser
680 2339 875 2373 Ueberein-

130 2385 240 2420 kunft
264 2386 475 2420 bernhende
506 2387 655 2420 societas
686 2398 729 2419 zu
757 2385 876 2420 einem

131 2431 297 2467 fcierlich
333 2433 617 2476 geschlossenen
652 2433 778 2475 foedus
813 2433 877 2467 der

133 2479 298 2514 Staaten.

179 2528 282 2560 exule
307 2527 390 2571 avo]
418 2526 468 2560 ist
494 2525 575 2560 Abl.
603 2527 679 2561 abs.

179 2578 210 2608 4.
239 2574 385 2617 Appius
413 2573 608 2618 Claudius]
638 2574 804 2607 Pulcher.

178 2621 439 2665 renovandam]
473 2621 537 2654 dcr
572 2620 693 2663 Konig
724 2621 878 2655 Perseus

132 2667 295 2702 schreibt
331 2681 357 2701 z.
385 2668 424 2701 B.
462 2667 533 2709 42,
561 2670 622 2709 ⁶25,
653 2672 694 2700 10
733 2677 780 2700 an
817 2667 876 2701 die

132 2714 283 2749 Romer:
310 2715 435 2758 foedus
462 2726 541 2749 cumv
564 2717 669 2757 patre
695 2715 805 2748 *tecum
828 2715 877 2748 acl

133 2772 168 2795 se
192 2762 286 2795 nihil
306 2763 508 2805 pertinere‚·
528 2762 566 2795 id
586 2773 620 2795 se
642 2762 812 2796 renovari
834 2781 875 2785 ——

128 2819 289 2851 passum.

181 2856 225 2889 ab
258 2855 462 2900 quaerente]
506 2855 591 2889 ‘mit
625 2855 690 2889 dcr
722 2855 876 2899 Frage';

133 2901 207 2946 vgl.
229 2902 261 2946 1,
282 2907 314 2946 9,
335 2907 354 2936 5
383 2914 407 2937 α
426 2903 608 2947 plerisque
634 2903 878 2947 ¹rogitantibus

951 1538 1105 1580 demissi,
1132 1538 1264 1581 ecquod
1288 1538 1435 1580 femims
1460 1548 1598 1583 quoque
1617 1549 1697 1584 asy-

951 1585 1026 1619 lum
1052 1586 1288 1628 aperuissent.

1000 1635 1031 1666 5.
1069 1632 1171 1677 velle]
1205 1632 1300 1666 ohne
1326 1643 1370 1667 se.
1422 1632 1502 1668 Liv.
1535 1633 1630 1667 l'asst
1661 1633 1700 1667 in

951 1679 1016 1714 der
1046 1678 1186 1715 Constr.
1224 1680 1288 1714 des
1315 1680 1445 1714 Accus.
1479 1692 1509 1716 c.
1536 1680 1601 1715 inf.
1633 1681 1699 1715 das

952 1726 1327 1771 Subjectspronomen
1352 1738 1387 1761 se
1414 1727 1469 1762 oft
1488 1739 1554 1762 aus
1575 1729 1646 1771 (30,
1665 1732 1697 1763 4.

950 1777 1007 1816 48,
1035 1776 1088 1817 6),
1113 1774 1343 1808 namentlich
1369 1774 1429 1809 bei
1454 1776 1539 1809 velle
1565 1775 1636 1819 (23,
1663 1778 1699 1818 8)

950 1821 1026 1854 und
1051 1820 1151 1855 beim
1177 1821 1244 1856 Inf.
1270 1821 1353 1855 Fut.
1380 1822 1481 1864 Aet„
1515 1833 1573 1856 wo
1600 1822 1699 1856 daun

950 1868 986 1901 in
1014 1868 1079 1901 der
1098 1867 1216 1912 Regel
1242 1869 1337 1902 auch
1360 1879 1430 1903 esse
1455 1868 1567 1912 fehlt3
1594 1881 1618 1903 s.
1644 1873 1698 1912 14,

952 1920 982 1949 6,
1012 1919 1042 1949 7.
1070 1919 1126 1957 22,
1153 1919 1173 1949 3
1201 1915 1276 1949 und
1303 1915 1367 1950 oft.

997 1965 1119 1996 utram
1150 1973 1245 2005 spem
1276 1962 1360 2007 seq]
1398 1963 1482 1997 sehr
1514 1963 1603 1997 kur-z
1635 1974 1698 2007 ge-

950 2009 1044 2043 fasst
1064 2010 1157 2043 statt
1179 2009 1354 2044 ‘welcher
1368 2009 1493 2044 Partei
1514 2021 1553 2044 er
1572 2010 1699 2054 folgen

951 2056 1042 2090 solle
1081 2057 1156 2090 und
1195 2067 1267 2091 von
1304 2057 1464 2091 welcher
1504 2069 1542 2092 er
1583 2058 1699 2092 durch

951 2103 1077 2138 seinen
1109 2104 1313 2138 Anschluss
1346 2107 1460 2139 etwas
1496 2116 1540 2138 zu
1575 2105 1698 2140 hoffen

950 2150 1075 2185 habe’.

999 2202 1030 2234 6.
1057 2198 1152 2243 cum]
1183 2198 1335 2233 ‘wann'.

997 2246 1152 2279 diceutes
1177 2246 1263 2291 esse]
1291 2246 1372 2280 cine
1400 2246 1484 2281 dem
1509 2247 1586 2281 Liv.
1615 2247 1699 2281 sehr

950 2292 1133 2337 gelaufige
1149 2293 1422 2338 Nachstellung
1442 2293 1506 2328 des
1526 2294 1697 2329 toulosen

950 2340 1024 2373 und
1051 2340 1181 2373 darum
1212 2340 1266 2374 oft
1297 2341 1582 2384 ausgelassenen
1611 2341 1695 2376 Ver-

950 2386 1056 2421 bums
1082 2398 1171 2428 essex·
1199 2399 1224 2421 s.
1253 2400 1295 2421 zu
1322 2391 1340 2428 ἕ
1367 2391 1399 2422 5.

998 2435 1103 2476 sidem
1128 2434 1230 2479 mut]
1255 2434 1327 2478 vgl.
1349 2434 1408 2477 22,
1426 2439 1482 2476 22,
1506 2439 1525 2469 6
1552 2435 1697 2469 Abeluae

950 2492 1026 2515 eum
1055 2481 1207 2523 fortuna
1231 2485 1434 2515 mutaverat
1459 2483 1573 2524 sidem.

999 2532 1028 2561 7.
1057 2528 1184 2569 foedus
1209 2539 1252 2561 erc
1277 2528 1363 2573 soc]
1391 2540 1416 2564 s,
1444 2532 1463 2569 ξ
1490 2533 1521 2562 3.

998 2574 1151 2608 Himera
1172 2575 1305 2620 munis]
1333 2575 1411 2609 dies
1431 2575 1488 2610 die
1511 2576 1695 2619 gewohnl.

952 2621 1133 2665 Stellung.

997 2668 1145 2711 ‹liz-zssclz't]
1167 2668 1279 2702 nitml.
1300 2669 1338 2702 in
1356 2669 1445 2703 zwei
1467 2669 1540 2703 fast
1557 2671 1692 2713 (forme)

951 2715 1095 2758 gloiche
1123 2715 1291 2756 Halftom
1341 2716 1475 2750 cbenso
1509 2717 1601 2750 wird
1635 2716 1696 2759 23,

953 2766 1006 2804 17,
1032 2766 1072 2795 10
1099 2764 1231 2807 gesagt
1258 2762 1475 2805 [Casilinum
1504 2763 1695 2808 Volturno)

950 2809 1131 2843 dividitur
1157 2811 1268 2843 amni.

999 2859 1030 2889 8.
1073 2856 1254 2901 Pyrrhus]
1293 2857 1329 2892 P.
1369 2869 1444 2892 war
1476 2857 1696 2893 Grossvater

951 2902 1014 2937 des
1044 2903 1306 2948 Hieronymus,
1345 2905 1394 2939 da
1419 2905 1510 2940 Gelo
1543 2905 1602 2940 die
1623 2906 1695 2940 Ne-
