<?xml version="1.0" encoding="UTF-8"?>
<!DOCTYPE html PUBLIC "-//W3C//DTD XHTML 1.0 Transitional//EN"
    "http://www.w3.org/TR/xhtml1/DTD/xhtml1-transitional.dtd">
<html xmlns="http://www.w3.org/1999/xhtml" xml:lang="en" lang="en">
 <head>
  <title>
</title>
<meta http-equiv="Content-Type" content="text/html;charset=utf-8" />
  <meta name='ocr-system' content='tesseract 3.04.00' />
  <meta name='ocr-capabilities' content='ocr_page ocr_carea ocr_par ocr_line ocrx_word'/>
</head>
<body>
  <div class='ocr_page' id='page_1' title='image "./aburbeconditalib21livyuoft/aburbeconditalib21livyuoft_0238.png"; bbox 0 0 1882 3163; ppageno 0'>
   <div class='ocr_carea' id='block_1_1' title="bbox 130 703 282 734">
    <p class='ocr_par' dir='ltr' id='par_1_1' title="bbox 130 703 282 734">
     <span class='ocr_line' id='line_1_1' title="bbox 130 703 282 734; baseline -0.007 0"><span class='ocrx_word' id='word_1_1' title='bbox 130 703 150 734; x_wconf 88' lang='lat'>5</span> <span class='ocrx_word' id='word_1_2' title='bbox 177 707 282 733; x_wconf 70' lang='lat' dir='ltr'>OSSG.</span> 
     </span>
    </p>
   </div>
   <div class='ocr_carea' id='block_1_2' title="bbox 175 109 1208 154">
    <p class='ocr_par' dir='ltr' id='par_1_2' title="bbox 175 109 1208 154">
     <span class='ocr_line' id='line_1_2' title="bbox 175 109 1208 154; baseline 0.006 -14"><span class='ocrx_word' id='word_1_3' title='bbox 175 113 228 154; x_wconf 77' lang='grc'><strong>76</strong></span> <span class='ocrx_word' id='word_1_4' title='bbox 698 109 841 146; x_wconf 85' lang='lat' dir='ltr'>LIBER</span> <span class='ocrx_word' id='word_1_5' title='bbox 865 112 979 147; x_wconf 90' lang='lat' dir='ltr'>XXII.</span> <span class='ocrx_word' id='word_1_6' title='bbox 1024 112 1124 148; x_wconf 87' lang='lat' dir='ltr'>CAP.</span> <span class='ocrx_word' id='word_1_7' title='bbox 1153 115 1208 147; x_wconf 84' lang='lat'><strong>50.</strong></span> 
     </span>
    </p>
   </div>
   <div class='ocr_carea' id='block_1_3' title="bbox 127 219 1080 276">
    <p class='ocr_par' dir='ltr' id='par_1_3' title="bbox 127 219 1080 276">
     <span class='ocr_line' id='line_1_3' title="bbox 127 219 1080 276; baseline -0.001 -13"><span class='ocrx_word' id='word_1_8' title='bbox 127 232 147 262; x_wconf 89' lang='lat'><strong>3</strong></span> <span class='ocrx_word' id='word_1_9' title='bbox 176 224 321 275; x_wconf 84' lang='lat' dir='ltr'><strong>strage</strong></span> <span class='ocrx_word' id='word_1_10' title='bbox 361 219 570 261; x_wconf 84' lang='lat' dir='ltr'><strong>exercitus</strong></span> <span class='ocrx_word' id='word_1_11' title='bbox 609 220 782 273; x_wconf 88' lang='lat' dir='ltr'><strong>gravior</strong></span> <span class='ocrx_word' id='word_1_12' title='bbox 819 220 1080 276; x_wconf 87' lang='lat' dir='ltr'><strong>foediorque.</strong></span> 
     </span>
    </p>
   </div>
   <div class='ocr_carea' id='block_1_4' title="bbox 1581 122 1736 148">
    <p class='ocr_par' dir='ltr' id='par_1_4' title="bbox 1581 122 1736 148">
     <span class='ocr_line' id='line_1_4' title="bbox 1581 122 1736 148; baseline 0 -1"><span class='ocrx_word' id='word_1_13' title='bbox 1581 128 1606 147; x_wconf 83' lang='lat' dir='ltr'><strong>a.</strong></span> <span class='ocrx_word' id='word_1_14' title='bbox 1625 129 1654 146; x_wconf 87' lang='lat' dir='ltr'><strong>u.</strong></span> <span class='ocrx_word' id='word_1_15' title='bbox 1673 122 1736 148; x_wconf 84' lang='lat'><strong>538.</strong></span> 
     </span>
    </p>
   </div>
   <div class='ocr_carea' id='block_1_5' title="bbox 1147 218 1737 275">
    <p class='ocr_par' dir='ltr' id='par_1_5' title="bbox 1147 218 1737 275">
     <span class='ocr_line' id='line_1_5' title="bbox 1147 218 1737 275; baseline -0.002 -14"><span class='ocrx_word' id='word_1_16' title='bbox 1147 220 1251 275; x_wconf 83' lang='lat' dir='ltr'><strong>fuga</strong></span> <span class='ocrx_word' id='word_1_17' title='bbox 1287 234 1471 274; x_wconf 86' lang='lat' dir='ltr'><strong>namque</strong></span> <span class='ocrx_word' id='word_1_18' title='bbox 1509 219 1562 260; x_wconf 87' lang='lat' dir='ltr'><strong>ad</strong></span> <span class='ocrx_word' id='word_1_19' title='bbox 1594 218 1737 261; x_wconf 87' lang='lat' dir='ltr'><strong>Aliam</strong></span> 
     </span>
    </p>
   </div>
   <div class='ocr_carea' id='block_1_6' title="bbox 173 277 1739 394">
    <p class='ocr_par' dir='ltr' id='par_1_6' title="bbox 173 277 1739 394">
     <span class='ocr_line' id='line_1_6' title="bbox 176 277 1737 333; baseline -0.001 -12"><span class='ocrx_word' id='word_1_20' title='bbox 176 281 286 321; x_wconf 87' lang='lat' dir='ltr'><strong>sicut</strong></span> <span class='ocrx_word' id='word_1_21' title='bbox 311 279 462 320; x_wconf 91' lang='lat' dir='ltr'><strong>urbem</strong></span> <span class='ocrx_word' id='word_1_22' title='bbox 488 277 696 332; x_wconf 76' lang='lat' dir='ltr'><strong>prodidit,</strong></span> <span class='ocrx_word' id='word_1_23' title='bbox 724 281 786 321; x_wconf 91' lang='lat' dir='ltr'><strong>ita</strong></span> <span class='ocrx_word' id='word_1_24' title='bbox 813 280 1044 321; x_wconf 85' lang='lat' dir='ltr'><strong>exercitum</strong></span> <span class='ocrx_word' id='word_1_25' title='bbox 1066 280 1270 333; x_wconf 83' lang='lat' dir='ltr'><strong>servavit3</strong></span> <span class='ocrx_word' id='word_1_26' title='bbox 1304 279 1356 320; x_wconf 89' lang='lat' dir='ltr'><strong>ad</strong></span> <span class='ocrx_word' id='word_1_27' title='bbox 1377 277 1550 320; x_wconf 81' lang='lat' dir='ltr'><strong>Cannas</strong></span> <span class='ocrx_word' id='word_1_28' title='bbox 1571 278 1737 332; x_wconf 84' lang='lat' dir='ltr'><strong>fugien-</strong></span> 
     </span>
     <span class='ocr_line' id='line_1_7' title="bbox 173 337 1739 394; baseline -0.001 -15"><span class='ocrx_word' id='word_1_29' title='bbox 173 344 260 380; x_wconf 98' lang='lat' dir='ltr'><strong>tem</strong></span> <span class='ocrx_word' id='word_1_30' title='bbox 294 338 512 379; x_wconf 90' lang='lat' dir='ltr'><strong>consulem</strong></span> <span class='ocrx_word' id='word_1_31' title='bbox 538 337 609 378; x_wconf 86' lang='lat' dir='ltr'><strong>vix</strong></span> <span class='ocrx_word' id='word_1_32' title='bbox 642 338 958 394; x_wconf 78' lang='lat' dir='ltr'><strong>quinquaginta</strong></span> <span class='ocrx_word' id='word_1_33' title='bbox 989 340 1122 381; x_wconf 88' lang='lat' dir='ltr'><strong>secuti</strong></span> <span class='ocrx_word' id='word_1_34' title='bbox 1155 341 1272 392; x_wconf 90' lang='lat' dir='ltr'><strong>sunt,</strong></span> <span class='ocrx_word' id='word_1_35' title='bbox 1304 338 1481 379; x_wconf 89' lang='lat' dir='ltr'><strong>alterius</strong></span> <span class='ocrx_word' id='word_1_36' title='bbox 1514 338 1739 378; x_wconf 88' lang='lat' dir='ltr'><strong>morientis</strong></span> 
     </span>
    </p>
   </div>
   <div class='ocr_carea' id='block_1_7' title="bbox 174 396 826 497">
    <p class='ocr_par' dir='ltr' id='par_1_7' title="bbox 174 396 826 497">
     <span class='ocr_line' id='line_1_8' title="bbox 174 396 826 452; baseline 0 -13"><span class='ocrx_word' id='word_1_37' title='bbox 174 412 308 452; x_wconf 85' lang='lat' dir='ltr'>prope</span> <span class='ocrx_word' id='word_1_38' title='bbox 340 399 457 437; x_wconf 88' lang='lat' dir='ltr'><strong>totus</strong></span> <span class='ocrx_word' id='word_1_39' title='bbox 491 396 700 437; x_wconf 83' lang='lat' dir='ltr'><strong>exercitus</strong></span> <span class='ocrx_word' id='word_1_40' title='bbox 732 397 826 439; x_wconf 84' lang='lat' dir='ltr'><strong>fuit.</strong></span> 
     </span>
     <span class='ocr_line' id='line_1_9' title="bbox 293 455 697 497; baseline -0.002 0"><span class='ocrx_word' id='word_1_41' title='bbox 293 455 415 497; x_wconf 90' lang='lat' dir='ltr'><strong>Binis</strong></span> <span class='ocrx_word' id='word_1_42' title='bbox 459 456 502 495; x_wconf 92' lang='lat' dir='ltr'><strong>in</strong></span> <span class='ocrx_word' id='word_1_43' title='bbox 547 456 697 496; x_wconf 88' lang='lat' dir='ltr'><strong>castris</strong></span> 
     </span>
    </p>
   </div>
   <div class='ocr_carea' id='block_1_8' title="bbox 742 455 1740 498">
    <p class='ocr_par' dir='ltr' id='par_1_8' title="bbox 742 455 1740 498">
     <span class='ocr_line' id='line_1_10' title="bbox 742 455 1740 498; baseline -0.001 -1"><span class='ocrx_word' id='word_1_44' title='bbox 742 471 839 498; x_wconf 90' lang='lat' dir='ltr'><strong>cum</strong></span> <span class='ocrx_word' id='word_1_45' title='bbox 882 457 1114 498; x_wconf 89' lang='lat' dir='ltr'><strong>multitudo</strong></span> <span class='ocrx_word' id='word_1_46' title='bbox 1156 456 1394 497; x_wconf 78' lang='lat' dir='ltr'><strong>semiermis</strong></span> <span class='ocrx_word' id='word_1_47' title='bbox 1434 456 1523 496; x_wconf 89' lang='lat' dir='ltr'><strong>sine</strong></span> <span class='ocrx_word' id='word_1_48' title='bbox 1563 455 1740 496; x_wconf 82' lang='lat' dir='ltr'><strong>ducibus</strong></span> 
     </span>
    </p>
   </div>
   <div class='ocr_carea' id='block_1_9' title="bbox 176 514 1744 688">
    <p class='ocr_par' dir='ltr' id='par_1_9' title="bbox 176 514 1744 688">
     <span class='ocr_line' id='line_1_11' title="bbox 176 514 1742 569; baseline -0.001 -13"><span class='ocrx_word' id='word_1_49' title='bbox 176 518 306 569; x_wconf 91' lang='lat' dir='ltr'><strong>esset,</strong></span> <span class='ocrx_word' id='word_1_50' title='bbox 337 515 554 568; x_wconf 88' lang='lat' dir='ltr'><strong>nuntium,</strong></span> <span class='ocrx_word' id='word_1_51' title='bbox 588 515 660 568; x_wconf 91' lang='lat' dir='ltr'><strong>qui</strong></span> <span class='ocrx_word' id='word_1_52' title='bbox 691 515 737 556; x_wconf 88' lang='lat' dir='ltr'><strong>in</strong></span> <span class='ocrx_word' id='word_1_53' title='bbox 769 516 1002 557; x_wconf 84' lang='lat' dir='ltr'><strong>maioribus</strong></span> <span class='ocrx_word' id='word_1_54' title='bbox 1035 518 1175 569; x_wconf 89' lang='lat' dir='ltr'><strong>erant,</strong></span> <span class='ocrx_word' id='word_1_55' title='bbox 1206 516 1402 569; x_wconf 88' lang='lat' dir='ltr'><strong>mittunt,</strong></span> <span class='ocrx_word' id='word_1_56' title='bbox 1435 514 1536 555; x_wconf 88' lang='lat' dir='ltr'><strong>dum</strong></span> <span class='ocrx_word' id='word_1_57' title='bbox 1561 514 1742 568; x_wconf 91' lang='lat' dir='ltr'><strong>proelio,</strong></span> 
     </span>
     <span class='ocr_line' id='line_1_12' title="bbox 176 573 1744 629; baseline -0.001 -14"><span class='ocrx_word' id='word_1_58' title='bbox 176 574 325 615; x_wconf 88' lang='lat' dir='ltr'><strong>deinde</strong></span> <span class='ocrx_word' id='word_1_59' title='bbox 361 588 410 615; x_wconf 82' lang='lat' dir='ltr'><strong>ex</strong></span> <span class='ocrx_word' id='word_1_60' title='bbox 443 573 609 614; x_wconf 87' lang='lat' dir='ltr'><strong>laetitia</strong></span> <span class='ocrx_word' id='word_1_61' title='bbox 642 574 778 628; x_wconf 90' lang='lat' dir='ltr'><strong>epulis</strong></span> <span class='ocrx_word' id='word_1_62' title='bbox 820 575 1028 629; x_wconf 85' lang='lat' dir='ltr'><strong>fatigatos</strong></span> <span class='ocrx_word' id='word_1_63' title='bbox 1062 575 1180 628; x_wconf 90' lang='lat' dir='ltr'><strong>quies</strong></span> <span class='ocrx_word' id='word_1_64' title='bbox 1213 578 1425 615; x_wconf 89' lang='lat' dir='ltr'><strong>nocturna</strong></span> <span class='ocrx_word' id='word_1_65' title='bbox 1462 573 1611 614; x_wconf 88' lang='lat' dir='ltr'><strong>hostes</strong></span> <span class='ocrx_word' id='word_1_66' title='bbox 1650 587 1744 627; x_wconf 88' lang='lat' dir='ltr'><strong>pre-</strong></span> 
     </span>
     <span class='ocr_line' id='line_1_13' title="bbox 177 631 1744 688; baseline -0.001 -14"><span class='ocrx_word' id='word_1_67' title='bbox 177 636 329 686; x_wconf 89' lang='lat' dir='ltr'><strong>meret,</strong></span> <span class='ocrx_word' id='word_1_68' title='bbox 374 636 421 673; x_wconf 87' lang='lat' dir='ltr'><strong>ut</strong></span> <span class='ocrx_word' id='word_1_69' title='bbox 459 632 512 673; x_wconf 87' lang='lat' dir='ltr'><strong>ad</strong></span> <span class='ocrx_word' id='word_1_70' title='bbox 551 647 595 673; x_wconf 87' lang='lat' dir='ltr'><strong>se</strong></span> <span class='ocrx_word' id='word_1_71' title='bbox 628 634 881 675; x_wconf 73' lang='lat' dir='ltr'><strong>transirent:</strong></span> <span class='ocrx_word' id='word_1_72' title='bbox 925 648 1012 675; x_wconf 87' lang='lat' dir='ltr'><strong>uno</strong></span> <span class='ocrx_word' id='word_1_73' title='bbox 1058 634 1227 688; x_wconf 83' lang='lat' dir='ltr'><strong>agmine</strong></span> <span class='ocrx_word' id='word_1_74' title='bbox 1267 631 1502 674; x_wconf 83' lang='lat' dir='ltr'><strong>Canusium</strong></span> <span class='ocrx_word' id='word_1_75' title='bbox 1548 633 1744 673; x_wconf 88' lang='lat' dir='ltr'><strong>abituros</strong></span> 
     </span>
    </p>
   </div>
   <div class='ocr_carea' id='block_1_10' title="bbox 347 691 1744 746">
    <p class='ocr_par' dir='ltr' id='par_1_10' title="bbox 347 691 1744 746">
     <span class='ocr_line' id='line_1_14' title="bbox 347 691 1744 746; baseline -0.001 -14"><span class='ocrx_word' id='word_1_76' title='bbox 347 706 458 745; x_wconf 88' lang='lat' dir='ltr'><strong>eam,</strong></span> <span class='ocrx_word' id='word_1_77' title='bbox 503 693 759 733; x_wconf 80' lang='lat' dir='ltr'><strong>sententiam</strong></span> <span class='ocrx_word' id='word_1_78' title='bbox 799 693 872 733; x_wconf 86' lang='lat' dir='ltr'><strong>alii</strong></span> <span class='ocrx_word' id='word_1_79' title='bbox 909 694 1047 733; x_wconf 85' lang='lat' dir='ltr'><strong>totam</strong></span> <span class='ocrx_word' id='word_1_80' title='bbox 1087 691 1327 746; x_wconf 85' lang='lat' dir='ltr'><strong>aspernari:</strong></span> <span class='ocrx_word' id='word_1_81' title='bbox 1373 706 1446 732; x_wconf 89' lang='lat' dir='ltr'><strong>cur</strong></span> <span class='ocrx_word' id='word_1_82' title='bbox 1479 692 1593 732; x_wconf 84' lang='lat' dir='ltr'><strong>enim</strong></span> <span class='ocrx_word' id='word_1_83' title='bbox 1631 691 1744 743; x_wconf 87' lang='lat' dir='ltr'><strong>illos,</strong></span> 
     </span>
    </p>
   </div>
   <div class='ocr_carea' id='block_1_11' title="bbox 179 749 1784 865">
    <p class='ocr_par' dir='ltr' id='par_1_11' title="bbox 179 749 1784 865">
     <span class='ocr_line' id='line_1_15' title="bbox 179 749 1784 807; baseline -0.002 -14"><span class='ocrx_word' id='word_1_84' title='bbox 179 753 252 807; x_wconf 90' lang='lat' dir='ltr'><strong>qui</strong></span> <span class='ocrx_word' id='word_1_85' title='bbox 275 766 320 793; x_wconf 86' lang='lat' dir='ltr'><strong>se</strong></span> <span class='ocrx_word' id='word_1_86' title='bbox 341 752 574 802; x_wconf 84' lang='lat' dir='ltr'><strong>arcessant,</strong></span> <span class='ocrx_word' id='word_1_87' title='bbox 600 751 716 804; x_wconf 88' lang='lat' dir='ltr'><strong>ipsos</strong></span> <span class='ocrx_word' id='word_1_88' title='bbox 743 766 829 793; x_wconf 90' lang='lat' dir='ltr'><strong>non</strong></span> <span class='ocrx_word' id='word_1_89' title='bbox 849 751 1007 804; x_wconf 86' lang='lat' dir='ltr'><strong>venire,</strong></span> <span class='ocrx_word' id='word_1_90' title='bbox 1035 765 1130 792; x_wconf 91' lang='lat' dir='ltr'><strong>cum</strong></span> <span class='ocrx_word' id='word_1_91' title='bbox 1152 765 1284 805; x_wconf 88' lang='lat' dir='ltr'><strong>aeque</strong></span> <span class='ocrx_word' id='word_1_92' title='bbox 1307 750 1509 804; x_wconf 87' lang='lat' dir='ltr'><strong>coniungi</strong></span> <span class='ocrx_word' id='word_1_93' title='bbox 1535 749 1745 803; x_wconf 75' lang='lat' dir='ltr'><strong>possent?</strong></span> <span class='ocrx_word' id='word_1_94' title='bbox 1772 786 1784 799; x_wconf 82' lang='grc'>,</span> 
     </span>
     <span class='ocr_line' id='line_1_16' title="bbox 180 809 1743 865; baseline -0.001 -14"><span class='ocrx_word' id='word_1_95' title='bbox 180 811 280 865; x_wconf 88' lang='lat' dir='ltr'><strong>quia</strong></span> <span class='ocrx_word' id='word_1_96' title='bbox 305 809 502 851; x_wconf 86' lang='lat' dir='ltr'><strong>videlicet</strong></span> <span class='ocrx_word' id='word_1_97' title='bbox 522 810 649 863; x_wconf 88' lang='lat' dir='ltr'><strong>plena</strong></span> <span class='ocrx_word' id='word_1_98' title='bbox 668 810 856 851; x_wconf 87' lang='lat' dir='ltr'><strong>hostium</strong></span> <span class='ocrx_word' id='word_1_99' title='bbox 885 810 1030 851; x_wconf 93' lang='lat' dir='ltr'><strong>omnia</strong></span> <span class='ocrx_word' id='word_1_100' title='bbox 1055 810 1099 850; x_wconf 86' lang='lat' dir='ltr'><strong>in</strong></span> <span class='ocrx_word' id='word_1_101' title='bbox 1126 809 1267 852; x_wconf 91' lang='lat' dir='ltr'><strong>medio</strong></span> <span class='ocrx_word' id='word_1_102' title='bbox 1295 812 1455 862; x_wconf 88' lang='lat' dir='ltr'><strong>essent,</strong></span> <span class='ocrx_word' id='word_1_103' title='bbox 1488 812 1531 849; x_wconf 94' lang='lat' dir='ltr'><strong>et</strong></span> <span class='ocrx_word' id='word_1_104' title='bbox 1558 809 1743 849; x_wconf 88' lang='lat' dir='ltr'><strong>aliorum</strong></span> 
     </span>
    </p>
   </div>
   <div class='ocr_carea' id='block_1_12' title="bbox 132 868 1466 982">
    <p class='ocr_par' dir='ltr' id='par_1_12' title="bbox 132 868 1466 982">
     <span class='ocr_line' id='line_1_17' title="bbox 132 868 1466 924; baseline -0.004 -11"><span class='ocrx_word' id='word_1_105' title='bbox 132 882 152 913; x_wconf 88' lang='grc'>6</span> <span class='ocrx_word' id='word_1_106' title='bbox 180 885 309 924; x_wconf 85' lang='lat' dir='ltr'><strong>quam</strong></span> <span class='ocrx_word' id='word_1_107' title='bbox 350 883 427 910; x_wconf 89' lang='lat' dir='ltr'><strong>sua</strong></span> <span class='ocrx_word' id='word_1_108' title='bbox 465 883 645 922; x_wconf 83' lang='lat' dir='ltr'><strong>corpora</strong></span> <span class='ocrx_word' id='word_1_109' title='bbox 684 871 807 910; x_wconf 85' lang='lat' dir='ltr'><strong>tanto</strong></span> <span class='ocrx_word' id='word_1_110' title='bbox 847 869 1035 923; x_wconf 89' lang='lat' dir='ltr'><strong>periculo</strong></span> <span class='ocrx_word' id='word_1_111' title='bbox 1075 869 1254 909; x_wconf 89' lang='lat' dir='ltr'><strong>mallent</strong></span> <span class='ocrx_word' id='word_1_112' title='bbox 1286 868 1466 910; x_wconf 87' lang='lat' dir='ltr'><strong>obicere.</strong></span> 
     </span>
     <span class='ocr_line' id='line_1_18' title="bbox 178 927 1326 982; baseline -0.002 -13"><span class='ocrx_word' id='word_1_113' title='bbox 178 932 268 969; x_wconf 88' lang='lat' dir='ltr'><strong>tam</strong></span> <span class='ocrx_word' id='word_1_114' title='bbox 302 928 517 969; x_wconf 90' lang='lat' dir='ltr'><strong>sententia</strong></span> <span class='ocrx_word' id='word_1_115' title='bbox 550 927 773 981; x_wconf 78' lang='lat' dir='ltr'><strong>displicere</strong></span> <span class='ocrx_word' id='word_1_116' title='bbox 806 943 933 982; x_wconf 88' lang='lat' dir='ltr'><strong>quam</strong></span> <span class='ocrx_word' id='word_1_117' title='bbox 967 927 1135 968; x_wconf 88' lang='lat' dir='ltr'><strong>animus</strong></span> <span class='ocrx_word' id='word_1_118' title='bbox 1168 927 1326 968; x_wconf 89' lang='lat' dir='ltr'><strong>deesse.</strong></span> 
     </span>
    </p>
   </div>
   <div class='ocr_carea' id='block_1_13' title="bbox 1388 867 1746 980">
    <p class='ocr_par' dir='ltr' id='par_1_13' title="bbox 1388 867 1746 980">
     <span class='ocr_line' id='line_1_19' title="bbox 1528 867 1745 909; baseline -0.005 -1"><span class='ocrx_word' id='word_1_119' title='bbox 1528 867 1623 908; x_wconf 91' lang='lat' dir='ltr'><strong>aliis</strong></span> <span class='ocrx_word' id='word_1_120' title='bbox 1655 881 1745 909; x_wconf 90' lang='lat' dir='ltr'><strong>non</strong></span> 
     </span>
     <span class='ocr_line' id='line_1_20' title="bbox 1388 925 1746 980; baseline 0 -14"><span class='ocrx_word' id='word_1_121' title='bbox 1388 926 1432 967; x_wconf 90' lang='lat' dir='ltr'><strong>P.</strong></span> <span class='ocrx_word' id='word_1_122' title='bbox 1467 925 1746 980; x_wconf 81' lang='lat' dir='ltr'><strong>Sempronius</strong></span> 
     </span>
    </p>
   </div>
   <div class='ocr_carea' id='block_1_14' title="bbox 136 985 1751 1336">
    <p class='ocr_par' dir='ltr' id='par_1_14' title="bbox 136 985 1751 1336">
     <span class='ocr_line' id='line_1_21' title="bbox 179 985 1746 1040; baseline -0.002 -11"><span class='ocrx_word' id='word_1_123' title='bbox 179 988 419 1029; x_wconf 86' lang='lat' dir='ltr'><strong>Tuditanus</strong></span> <span class='ocrx_word' id='word_1_124' title='bbox 458 986 659 1027; x_wconf 88' lang='lat' dir='ltr'><strong>tribunus</strong></span> <span class='ocrx_word' id='word_1_125' title='bbox 697 987 882 1027; x_wconf 90' lang='lat' dir='ltr'><strong>militum</strong></span> <span class='ocrx_word' id='word_1_126' title='bbox 920 987 1041 1040; x_wconf 87' lang='lat' dir='ltr'><strong>„capi</strong></span> <span class='ocrx_word' id='word_1_127' title='bbox 1080 999 1183 1040; x_wconf 83' lang='lat' dir='ltr'><strong>ergo</strong></span> <span class='ocrx_word' id='word_1_128' title='bbox 1221 985 1448 1027; x_wconf 78' lang='lat' dir='ltr'><strong>mavultis“</strong></span> <span class='ocrx_word' id='word_1_129' title='bbox 1485 986 1627 1040; x_wconf 87' lang='lat' dir='ltr'><strong>inquit</strong></span> <span class='ocrx_word' id='word_1_130' title='bbox 1665 985 1746 1038; x_wconf 89' lang='lat' dir='ltr'><strong>„ab</strong></span> 
     </span>
     <span class='ocr_line' id='line_1_22' title="bbox 181 1044 1750 1098; baseline -0.002 -11"><span class='ocrx_word' id='word_1_131' title='bbox 181 1046 435 1088; x_wconf 88' lang='lat' dir='ltr'><strong>avarissimo</strong></span> <span class='ocrx_word' id='word_1_132' title='bbox 463 1047 505 1086; x_wconf 91' lang='lat' dir='ltr'><strong>et</strong></span> <span class='ocrx_word' id='word_1_133' title='bbox 532 1044 826 1086; x_wconf 88' lang='lat' dir='ltr'><strong>crudelissimo</strong></span> <span class='ocrx_word' id='word_1_134' title='bbox 858 1045 1002 1098; x_wconf 91' lang='lat' dir='ltr'><strong>hoste,</strong></span> <span class='ocrx_word' id='word_1_135' title='bbox 1035 1044 1340 1098; x_wconf 88' lang='lat' dir='ltr'><strong>aestimarique</strong></span> <span class='ocrx_word' id='word_1_136' title='bbox 1368 1044 1511 1098; x_wconf 86' lang='lat' dir='ltr'><strong>capita</strong></span> <span class='ocrx_word' id='word_1_137' title='bbox 1535 1046 1678 1084; x_wconf 83' lang='lat' dir='ltr'><strong>vestra</strong></span> <span class='ocrx_word' id='word_1_138' title='bbox 1703 1047 1750 1084; x_wconf 88' lang='lat' dir='ltr'><strong>et</strong></span> 
     </span>
     <span class='ocr_line' id='line_1_23' title="bbox 182 1101 1746 1159; baseline -0.002 -13"><span class='ocrx_word' id='word_1_139' title='bbox 182 1105 349 1159; x_wconf 83' lang='lat' dir='ltr'><strong>exquiri</strong></span> <span class='ocrx_word' id='word_1_140' title='bbox 380 1104 520 1158; x_wconf 88' lang='lat' dir='ltr'><strong>pretia</strong></span> <span class='ocrx_word' id='word_1_141' title='bbox 553 1104 606 1144; x_wconf 91' lang='lat' dir='ltr'><strong>ab</strong></span> <span class='ocrx_word' id='word_1_142' title='bbox 639 1104 1034 1158; x_wconf 74' lang='lat' dir='ltr'><strong>interrogantibus,</strong></span> <span class='ocrx_word' id='word_1_143' title='bbox 1065 1103 1285 1144; x_wconf 86' lang='lat' dir='ltr'><strong>Romanus</strong></span> <span class='ocrx_word' id='word_1_144' title='bbox 1319 1103 1421 1144; x_wconf 86' lang='lat' dir='ltr'><strong>civis</strong></span> <span class='ocrx_word' id='word_1_145' title='bbox 1455 1103 1512 1143; x_wconf 90' lang='lat' dir='ltr'><strong>sis</strong></span> <span class='ocrx_word' id='word_1_146' title='bbox 1547 1117 1601 1143; x_wconf 87' lang='lat' dir='ltr'><strong>an</strong></span> <span class='ocrx_word' id='word_1_147' title='bbox 1632 1101 1746 1143; x_wconf 89' lang='lat' dir='ltr'><strong>Lati-</strong></span> 
     </span>
     <span class='ocr_line' id='line_1_24' title="bbox 181 1161 1749 1215; baseline -0.002 -10"><span class='ocrx_word' id='word_1_148' title='bbox 181 1179 263 1205; x_wconf 91' lang='lat' dir='ltr'><strong>nus</strong></span> <span class='ocrx_word' id='word_1_149' title='bbox 298 1164 461 1215; x_wconf 88' lang='lat' dir='ltr'><strong>socius,</strong></span> <span class='ocrx_word' id='word_1_150' title='bbox 492 1165 541 1203; x_wconf 90' lang='lat' dir='ltr'><strong>ut</strong></span> <span class='ocrx_word' id='word_1_151' title='bbox 572 1177 622 1203; x_wconf 83' lang='lat' dir='ltr'><strong>ex</strong></span> <span class='ocrx_word' id='word_1_152' title='bbox 648 1165 725 1203; x_wconf 87' lang='lat' dir='ltr'><strong>tua</strong></span> <span class='ocrx_word' id='word_1_153' title='bbox 751 1163 1013 1204; x_wconf 85' lang='lat' dir='ltr'><strong>contumelia</strong></span> <span class='ocrx_word' id='word_1_154' title='bbox 1039 1166 1082 1203; x_wconf 90' lang='lat' dir='ltr'><strong>et</strong></span> <span class='ocrx_word' id='word_1_155' title='bbox 1108 1162 1281 1203; x_wconf 87' lang='lat' dir='ltr'><strong>miseria</strong></span> <span class='ocrx_word' id='word_1_156' title='bbox 1307 1161 1432 1203; x_wconf 89' lang='lat' dir='ltr'><strong>alteri</strong></span> <span class='ocrx_word' id='word_1_157' title='bbox 1457 1161 1594 1203; x_wconf 87' lang='lat' dir='ltr'><strong>honos</strong></span> <span class='ocrx_word' id='word_1_158' title='bbox 1621 1175 1749 1215; x_wconf 85' lang='lat' dir='ltr'><strong>quae-</strong></span> 
     </span>
     <span class='ocr_line' id='line_1_25' title="bbox 136 1220 1749 1276; baseline -0.003 -11"><span class='ocrx_word' id='word_1_159' title='bbox 136 1235 154 1265; x_wconf 83' lang='lat'><strong>7</strong></span> <span class='ocrx_word' id='word_1_160' title='bbox 182 1223 331 1265; x_wconf 81' lang='lat' dir='ltr'><strong>ratur?</strong></span> <span class='ocrx_word' id='word_1_161' title='bbox 391 1236 480 1263; x_wconf 86' lang='lat' dir='ltr'><strong>non</strong></span> <span class='ocrx_word' id='word_1_162' title='bbox 519 1224 584 1276; x_wconf 88' lang='lat' dir='ltr'><strong>tu,</strong></span> <span class='ocrx_word' id='word_1_163' title='bbox 630 1222 665 1262; x_wconf 89' lang='lat' dir='ltr'><strong>si</strong></span> <span class='ocrx_word' id='word_1_164' title='bbox 707 1221 877 1276; x_wconf 89' lang='lat' dir='ltr'><strong>quidem</strong></span> <span class='ocrx_word' id='word_1_165' title='bbox 913 1220 961 1262; x_wconf 85' lang='lat' dir='ltr'><strong>L.</strong></span> <span class='ocrx_word' id='word_1_166' title='bbox 993 1221 1153 1262; x_wconf 90' lang='lat' dir='ltr'><strong>Aemili</strong></span> <span class='ocrx_word' id='word_1_167' title='bbox 1193 1221 1400 1275; x_wconf 86' lang='lat' dir='ltr'><strong>consulis,</strong></span> <span class='ocrx_word' id='word_1_168' title='bbox 1445 1221 1517 1275; x_wconf 91' lang='lat' dir='ltr'><strong>qui</strong></span> <span class='ocrx_word' id='word_1_169' title='bbox 1558 1234 1602 1261; x_wconf 89' lang='lat' dir='ltr'><strong>se</strong></span> <span class='ocrx_word' id='word_1_170' title='bbox 1641 1221 1749 1261; x_wconf 90' lang='lat' dir='ltr'><strong>bene</strong></span> 
     </span>
     <span class='ocr_line' id='line_1_26' title="bbox 182 1279 1751 1336; baseline -0.003 -13"><span class='ocrx_word' id='word_1_171' title='bbox 182 1283 293 1323; x_wconf 90' lang='lat' dir='ltr'><strong>mori</strong></span> <span class='ocrx_word' id='word_1_172' title='bbox 325 1296 453 1336; x_wconf 83' lang='lat' dir='ltr'><strong>quam</strong></span> <span class='ocrx_word' id='word_1_173' title='bbox 486 1280 671 1334; x_wconf 87' lang='lat' dir='ltr'><strong>turpiter</strong></span> <span class='ocrx_word' id='word_1_174' title='bbox 702 1281 844 1322; x_wconf 86' lang='lat' dir='ltr'><strong>vivere</strong></span> <span class='ocrx_word' id='word_1_175' title='bbox 877 1281 1048 1334; x_wconf 85' lang='lat' dir='ltr'><strong>maluit,</strong></span> <span class='ocrx_word' id='word_1_176' title='bbox 1090 1282 1132 1321; x_wconf 90' lang='lat' dir='ltr'><strong>et</strong></span> <span class='ocrx_word' id='word_1_177' title='bbox 1162 1282 1228 1321; x_wconf 90' lang='lat' dir='ltr'><strong>tot</strong></span> <span class='ocrx_word' id='word_1_178' title='bbox 1265 1280 1601 1321; x_wconf 82' lang='lat' dir='ltr'><strong>fortissimorum</strong></span> <span class='ocrx_word' id='word_1_179' title='bbox 1639 1279 1751 1320; x_wconf 87' lang='lat' dir='ltr'><strong>viro-</strong></span> 
     </span>
    </p>
   </div>
   <div class='ocr_carea' id='block_1_15' title="bbox 135 1339 1444 1395">
    <p class='ocr_par' dir='ltr' id='par_1_15' title="bbox 135 1339 1444 1395">
     <span class='ocr_line' id='line_1_27' title="bbox 135 1339 1444 1395; baseline -0.003 -12"><span class='ocrx_word' id='word_1_180' title='bbox 135 1353 155 1384; x_wconf 85' lang='lat'>8</span> <span class='ocrx_word' id='word_1_181' title='bbox 181 1356 293 1393; x_wconf 89' lang='lat' dir='ltr'><strong>rum,</strong></span> <span class='ocrx_word' id='word_1_182' title='bbox 333 1340 407 1395; x_wconf 87' lang='lat' dir='ltr'><strong>qui</strong></span> <span class='ocrx_word' id='word_1_183' title='bbox 447 1340 560 1380; x_wconf 88' lang='lat' dir='ltr'><strong>circa</strong></span> <span class='ocrx_word' id='word_1_184' title='bbox 599 1354 694 1380; x_wconf 87' lang='lat' dir='ltr'><strong>eum</strong></span> <span class='ocrx_word' id='word_1_185' title='bbox 735 1340 938 1381; x_wconf 88' lang='lat' dir='ltr'><strong>cumulati</strong></span> <span class='ocrx_word' id='word_1_186' title='bbox 978 1340 1137 1393; x_wconf 90' lang='lat' dir='ltr'><strong>iacent,</strong></span> <span class='ocrx_word' id='word_1_187' title='bbox 1175 1339 1289 1380; x_wconf 85' lang='lat' dir='ltr'><strong>cives</strong></span> <span class='ocrx_word' id='word_1_188' title='bbox 1329 1339 1444 1379; x_wconf 90' lang='lat' dir='ltr'><strong>estis.</strong></span> 
     </span>
    </p>
   </div>
   <div class='ocr_carea' id='block_1_16' title="bbox 1518 1338 1752 1379">
    <p class='ocr_par' dir='ltr' id='par_1_16' title="bbox 1518 1338 1752 1379">
     <span class='ocr_line' id='line_1_28' title="bbox 1518 1338 1752 1379; baseline -0.004 0"><span class='ocrx_word' id='word_1_189' title='bbox 1518 1338 1591 1379; x_wconf 89' lang='lat' dir='ltr'><strong>sed</strong></span> <span class='ocrx_word' id='word_1_190' title='bbox 1635 1340 1752 1378; x_wconf 87' lang='lat' dir='ltr'><strong>ante-</strong></span> 
     </span>
    </p>
   </div>
   <div class='ocr_carea' id='block_1_17' title="bbox 137 1397 1753 1571">
    <p class='ocr_par' dir='ltr' id='par_1_17' title="bbox 137 1397 1753 1571">
     <span class='ocr_line' id='line_1_29' title="bbox 184 1397 1753 1454; baseline -0.002 -14"><span class='ocrx_word' id='word_1_191' title='bbox 184 1415 313 1454; x_wconf 81' lang='lat' dir='ltr'><strong>quam</strong></span> <span class='ocrx_word' id='word_1_192' title='bbox 359 1399 563 1453; x_wconf 90' lang='lat' dir='ltr'><strong>opprimit</strong></span> <span class='ocrx_word' id='word_1_193' title='bbox 606 1399 697 1453; x_wconf 84' lang='lat' dir='ltr'><strong>lux,</strong></span> <span class='ocrx_word' id='word_1_194' title='bbox 747 1399 996 1453; x_wconf 87' lang='lat' dir='ltr'><strong>maioraque</strong></span> <span class='ocrx_word' id='word_1_195' title='bbox 1041 1398 1232 1439; x_wconf 90' lang='lat' dir='ltr'><strong>hostium</strong></span> <span class='ocrx_word' id='word_1_196' title='bbox 1278 1398 1451 1452; x_wconf 84' lang='lat' dir='ltr'><strong>agmina</strong></span> <span class='ocrx_word' id='word_1_197' title='bbox 1495 1397 1753 1451; x_wconf 86' lang='lat' dir='ltr'><strong>obsaepiunt</strong></span> 
     </span>
     <span class='ocr_line' id='line_1_30' title="bbox 183 1456 1752 1513; baseline -0.002 -13"><span class='ocrx_word' id='word_1_198' title='bbox 183 1461 283 1513; x_wconf 87' lang='lat' dir='ltr'><strong>iter,</strong></span> <span class='ocrx_word' id='word_1_199' title='bbox 308 1473 385 1513; x_wconf 91' lang='lat' dir='ltr'><strong>per</strong></span> <span class='ocrx_word' id='word_1_200' title='bbox 410 1458 509 1511; x_wconf 91' lang='lat' dir='ltr'><strong>hos,</strong></span> <span class='ocrx_word' id='word_1_201' title='bbox 536 1458 608 1512; x_wconf 91' lang='lat' dir='ltr'><strong>qui</strong></span> <span class='ocrx_word' id='word_1_202' title='bbox 639 1458 873 1499; x_wconf 84' lang='lat' dir='ltr'><strong>inordinati</strong></span> <span class='ocrx_word' id='word_1_203' title='bbox 895 1461 1021 1512; x_wconf 89' lang='lat' dir='ltr'><strong>atque</strong></span> <span class='ocrx_word' id='word_1_204' title='bbox 1043 1457 1302 1511; x_wconf 84' lang='lat' dir='ltr'><strong>inconpositi</strong></span> <span class='ocrx_word' id='word_1_205' title='bbox 1324 1457 1578 1511; x_wconf 89' lang='lat' dir='ltr'><strong>obstrepunt</strong></span> <span class='ocrx_word' id='word_1_206' title='bbox 1602 1456 1752 1510; x_wconf 79' lang='lat' dir='ltr'><strong>portiS,</strong></span> 
     </span>
     <span class='ocr_line' id='line_1_31' title="bbox 137 1515 1753 1571; baseline -0.004 -10"><span class='ocrx_word' id='word_1_207' title='bbox 137 1532 157 1562; x_wconf 87' lang='lat'>9</span> <span class='ocrx_word' id='word_1_208' title='bbox 185 1532 472 1571; x_wconf 88' lang='lat' dir='ltr'><strong>erumpamus.</strong></span> <span class='ocrx_word' id='word_1_209' title='bbox 523 1516 636 1558; x_wconf 87' lang='lat' dir='ltr'><strong>ferro</strong></span> <span class='ocrx_word' id='word_1_210' title='bbox 670 1519 797 1570; x_wconf 88' lang='lat' dir='ltr'><strong>atque</strong></span> <span class='ocrx_word' id='word_1_211' title='bbox 831 1517 1008 1560; x_wconf 87' lang='lat' dir='ltr'><strong>audacia</strong></span> <span class='ocrx_word' id='word_1_212' title='bbox 1039 1517 1108 1557; x_wconf 82' lang='lat' dir='ltr'><strong>via</strong></span> <span class='ocrx_word' id='word_1_213' title='bbox 1133 1517 1181 1557; x_wconf 92' lang='lat' dir='ltr'><strong>fit</strong></span> <span class='ocrx_word' id='word_1_214' title='bbox 1208 1516 1403 1570; x_wconf 86' lang='lat' dir='ltr'><strong>quamvis</strong></span> <span class='ocrx_word' id='word_1_215' title='bbox 1429 1531 1505 1569; x_wconf 89' lang='lat' dir='ltr'><strong>per</strong></span> <span class='ocrx_word' id='word_1_216' title='bbox 1531 1515 1753 1556; x_wconf 86' lang='lat' dir='ltr'><strong>confertos</strong></span> 
     </span>
    </p>
   </div>
   <div class='ocr_carea' id='block_1_18' title="bbox 186 1669 932 1948">
    <p class='ocr_par' dir='ltr' id='par_1_18' title="bbox 186 1669 932 1948">
     <span class='ocr_line' id='line_1_32' title="bbox 186 1669 931 1712; baseline -0.004 -8"><span class='ocrx_word' id='word_1_217' title='bbox 186 1669 450 1709; x_wconf 78' lang='lat' dir='ltr'><strong>nobilitandas,</strong></span> <span class='ocrx_word' id='word_1_218' title='bbox 479 1680 507 1703; x_wconf 85' lang='grc'><strong>6.</strong></span> <span class='ocrx_word' id='word_1_219' title='bbox 530 1672 561 1711; x_wconf 84' lang='grc'>7,</span> <span class='ocrx_word' id='word_1_220' title='bbox 584 1672 614 1702; x_wconf 94' lang='grc'><strong>1.</strong></span> <span class='ocrx_word' id='word_1_221' title='bbox 637 1688 681 1692; x_wconf 93' lang='grc'>-</span> <span class='ocrx_word' id='word_1_222' title='bbox 707 1678 861 1712; x_wconf 65' lang='lat' dir='ltr'><strong>oramque</strong></span> <span class='ocrx_word' id='word_1_223' title='bbox 884 1678 931 1701; x_wconf 90' lang='lat' dir='ltr'><strong>an</strong></span> 
     </span>
     <span class='ocr_line' id='line_1_33' title="bbox 187 1715 928 1759; baseline -0.004 -8"><span class='ocrx_word' id='word_1_224' title='bbox 187 1717 335 1751; x_wconf 85' lang='lat' dir='ltr'><strong>zweiter</strong></span> <span class='ocrx_word' id='word_1_225' title='bbox 363 1715 488 1757; x_wconf 79' lang='lat' dir='ltr'><strong>Stesse,</strong></span> <span class='ocrx_word' id='word_1_226' title='bbox 516 1719 571 1758; x_wconf 97' lang='lat'><strong>24,</strong></span> <span class='ocrx_word' id='word_1_227' title='bbox 599 1719 654 1758; x_wconf 82' lang='lat'><strong>36,</strong></span> <span class='ocrx_word' id='word_1_228' title='bbox 683 1719 714 1750; x_wconf 88' lang='grc'><strong>6.</strong></span> <span class='ocrx_word' id='word_1_229' title='bbox 743 1719 799 1757; x_wconf 85' lang='grc'>27,</span> <span class='ocrx_word' id='word_1_230' title='bbox 820 1719 876 1757; x_wconf 86' lang='grc'>39,</span> <span class='ocrx_word' id='word_1_231' title='bbox 897 1718 928 1759; x_wconf 86' lang='grc'>8,</span> 
     </span>
     <span class='ocr_line' id='line_1_34' title="bbox 187 1761 930 1805; baseline -0.004 -6"><span class='ocrx_word' id='word_1_232' title='bbox 187 1765 256 1799; x_wconf 86' lang='lat' dir='ltr'><strong>wie</strong></span> <span class='ocrx_word' id='word_1_233' title='bbox 283 1763 379 1798; x_wconf 89' lang='lat' dir='ltr'><strong>auch</strong></span> <span class='ocrx_word' id='word_1_234' title='bbox 404 1762 465 1796; x_wconf 90' lang='lat' dir='ltr'><strong>bei</strong></span> <span class='ocrx_word' id='word_1_235' title='bbox 494 1761 640 1797; x_wconf 83' lang='lat' dir='ltr'><strong>Curtius</strong></span> <span class='ocrx_word' id='word_1_236' title='bbox 667 1762 742 1796; x_wconf 90' lang='lat' dir='ltr'><strong>und</strong></span> <span class='ocrx_word' id='word_1_237' title='bbox 769 1762 930 1805; x_wconf 80' lang='lat' dir='ltr'><strong>Tacitus,</strong></span> 
     </span>
     <span class='ocr_line' id='line_1_35' title="bbox 188 1809 930 1853; baseline -0.005 -7"><span class='ocrx_word' id='word_1_238' title='bbox 188 1811 283 1846; x_wconf 88' lang='lat' dir='ltr'><strong>doch</strong></span> <span class='ocrx_word' id='word_1_239' title='bbox 309 1810 403 1844; x_wconf 89' lang='lat' dir='ltr'><strong>noch</strong></span> <span class='ocrx_word' id='word_1_240' title='bbox 430 1809 536 1844; x_wconf 89' lang='lat' dir='ltr'><strong>nicht</strong></span> <span class='ocrx_word' id='word_1_241' title='bbox 561 1809 622 1844; x_wconf 89' lang='lat' dir='ltr'><strong>bei</strong></span> <span class='ocrx_word' id='word_1_242' title='bbox 643 1809 764 1853; x_wconf 56' lang='lat' dir='ltr'><strong>Casan</strong></span> <span class='ocrx_word' id='word_1_243' title='bbox 793 1809 930 1852; x_wconf 88' lang='lat' dir='ltr'><strong>Cicero,</strong></span> 
     </span>
     <span class='ocr_line' id='line_1_36' title="bbox 189 1856 932 1901; baseline -0.004 -8"><span class='ocrx_word' id='word_1_244' title='bbox 189 1859 340 1893; x_wconf 84' lang='lat' dir='ltr'><strong>Sallust.</strong></span> <span class='ocrx_word' id='word_1_245' title='bbox 369 1877 411 1882; x_wconf 95' lang='lat'>—</span> <span class='ocrx_word' id='word_1_246' title='bbox 433 1867 550 1901; x_wconf 77' lang='lat' dir='ltr'><strong>prope</strong></span> <span class='ocrx_word' id='word_1_247' title='bbox 574 1861 598 1891; x_wconf 78' lang='lat' dir='ltr'><strong>t.</strong></span> <span class='ocrx_word' id='word_1_248' title='bbox 636 1858 719 1901; x_wconf 83' lang='lat' dir='ltr'><strong>sagt</strong></span> <span class='ocrx_word' id='word_1_249' title='bbox 745 1857 850 1891; x_wconf 91' lang='lat' dir='ltr'><strong>mehr</strong></span> <span class='ocrx_word' id='word_1_250' title='bbox 877 1856 932 1890; x_wconf 83' lang='lat' dir='ltr'><strong>als</strong></span> 
     </span>
     <span class='ocr_line' id='line_1_37' title="bbox 188 1908 384 1948; baseline -0.01 -7"><span class='ocrx_word' id='word_1_251' title='bbox 188 1918 217 1941; x_wconf 83' lang='lat' dir='ltr'><strong>c.</strong></span> <span class='ocrx_word' id='word_1_252' title='bbox 244 1909 302 1948; x_wconf 85' lang='lat'><strong>49,</strong></span> <span class='ocrx_word' id='word_1_253' title='bbox 331 1908 384 1939; x_wconf 86' lang='lat'><strong>15.</strong></span> 
     </span>
    </p>
   </div>
   <div class='ocr_carea' id='block_1_19' title="bbox 189 1989 946 2935">
    <p class='ocr_par' dir='ltr' id='par_1_19' title="bbox 189 1989 936 2184">
     <span class='ocr_line' id='line_1_38' title="bbox 237 1989 935 2043; baseline -0.004 -9"><span class='ocrx_word' id='word_1_254' title='bbox 237 1999 298 2041; x_wconf 82' lang='lat'><strong>50,</strong></span> <span class='ocrx_word' id='word_1_255' title='bbox 324 1997 472 2042; x_wconf 85' lang='lat'>4—54,</span> <span class='ocrx_word' id='word_1_256' title='bbox 499 2002 531 2032; x_wconf 82' lang='lat'><strong>6.</strong></span> <span class='ocrx_word' id='word_1_257' title='bbox 581 1989 820 2043; x_wconf 62' lang='lat' dir='ltr'><strong>Ubergabe</strong></span> <span class='ocrx_word' id='word_1_258' title='bbox 859 1997 935 2031; x_wconf 89' lang='lat' dir='ltr'><strong>der</strong></span> 
     </span>
     <span class='ocr_line' id='line_1_39' title="bbox 191 2044 935 2089; baseline -0.004 -8"><span class='ocrx_word' id='word_1_259' title='bbox 191 2046 357 2081; x_wconf 87' lang='lat' dir='ltr'><strong>beiden</strong></span> <span class='ocrx_word' id='word_1_260' title='bbox 383 2045 642 2079; x_wconf 73' lang='lat' dir='ltr'><strong>romischen</strong></span> <span class='ocrx_word' id='word_1_261' title='bbox 669 2045 830 2089; x_wconf 72' lang='lat' dir='ltr'><strong>Lager,</strong></span> <span class='ocrx_word' id='word_1_262' title='bbox 864 2044 935 2078; x_wconf 82' lang='lat' dir='ltr'><strong>die</strong></span> 
     </span>
     <span class='ocr_line' id='line_1_40' title="bbox 189 2091 936 2137; baseline -0.003 -10"><span class='ocrx_word' id='word_1_263' title='bbox 189 2092 488 2137; x_wconf 72' lang='lat' dir='ltr'><strong>Flt&#39;ichtigen:</strong></span> <span class='ocrx_word' id='word_1_264' title='bbox 560 2091 802 2135; x_wconf 77' lang='lat' dir='ltr'><strong>unabh&#39;angig</strong></span> <span class='ocrx_word' id='word_1_265' title='bbox 864 2102 936 2125; x_wconf 85' lang='lat' dir='ltr'><strong>von</strong></span> 
     </span>
     <span class='ocr_line' id='line_1_41' title="bbox 191 2141 474 2184; baseline -0.004 -10"><span class='ocrx_word' id='word_1_266' title='bbox 191 2141 309 2184; x_wconf 85' lang='lat' dir='ltr'><strong>Polyb</strong></span> <span class='ocrx_word' id='word_1_267' title='bbox 335 2144 369 2181; x_wconf 82' lang='lat'><strong>3,</strong></span> <span class='ocrx_word' id='word_1_268' title='bbox 398 2142 474 2173; x_wconf 87' lang='lat'>117.</span> 
     </span>
    </p>

    <p class='ocr_par' dir='ltr' id='par_1_20' title="bbox 191 2185 943 2699">
     <span class='ocr_line' id='line_1_42' title="bbox 239 2185 936 2227; baseline -0.003 -7"><span class='ocrx_word' id='word_1_269' title='bbox 239 2191 269 2220; x_wconf 91' lang='lat'><strong>4.</strong></span> <span class='ocrx_word' id='word_1_270' title='bbox 298 2190 329 2221; x_wconf 86' lang='lat'><strong>5.</strong></span> <span class='ocrx_word' id='word_1_271' title='bbox 358 2186 466 2227; x_wconf 77' lang='lat' dir='ltr'><strong>binis,</strong></span> <span class='ocrx_word' id='word_1_272' title='bbox 487 2196 516 2219; x_wconf 91' lang='lat' dir='ltr'><strong>c.</strong></span> <span class='ocrx_word' id='word_1_273' title='bbox 538 2188 595 2226; x_wconf 85' lang='lat'><strong>44,</strong></span> <span class='ocrx_word' id='word_1_274' title='bbox 616 2189 644 2219; x_wconf 88' lang='lat'><strong>1.</strong></span> <span class='ocrx_word' id='word_1_275' title='bbox 669 2205 710 2209; x_wconf 88' lang='lat'>—</span> <span class='ocrx_word' id='word_1_276' title='bbox 731 2185 936 2225; x_wconf 77' lang='lat' dir='ltr'><strong>semiermis,</strong></span> 
     </span>
     <span class='ocr_line' id='line_1_43' title="bbox 191 2231 936 2274; baseline -0.005 -6"><span class='ocrx_word' id='word_1_277' title='bbox 191 2234 277 2268; x_wconf 85' lang='lat' dir='ltr'><strong>weil</strong></span> <span class='ocrx_word' id='word_1_278' title='bbox 312 2233 377 2267; x_wconf 89' lang='lat' dir='ltr'><strong>der</strong></span> <span class='ocrx_word' id='word_1_279' title='bbox 403 2231 509 2266; x_wconf 69' lang='lat' dir='ltr'><strong>Tross</strong></span> <span class='ocrx_word' id='word_1_280' title='bbox 541 2232 665 2274; x_wconf 84' lang='lat' dir='ltr'><strong>(turba</strong></span> <span class='ocrx_word' id='word_1_281' title='bbox 691 2231 853 2265; x_wconf 83' lang='lat' dir='ltr'><strong>imbellis</strong></span> <span class='ocrx_word' id='word_1_282' title='bbox 881 2234 936 2274; x_wconf 87' lang='lat'><strong>23,</strong></span> 
     </span>
     <span class='ocr_line' id='line_1_44' title="bbox 194 2277 937 2324; baseline -0.005 -9"><span class='ocrx_word' id='word_1_283' title='bbox 194 2286 249 2324; x_wconf 88' lang='grc'><strong>16,</strong></span> <span class='ocrx_word' id='word_1_284' title='bbox 278 2282 338 2324; x_wconf 86' lang='grc'><strong>14)</strong></span> <span class='ocrx_word' id='word_1_285' title='bbox 371 2280 421 2313; x_wconf 89' lang='lat' dir='ltr'><strong>im</strong></span> <span class='ocrx_word' id='word_1_286' title='bbox 449 2279 569 2322; x_wconf 86' lang='lat' dir='ltr'><strong>Lager</strong></span> <span class='ocrx_word' id='word_1_287' title='bbox 602 2277 937 2320; x_wconf 73' lang='lat' dir='ltr'><strong>zuriickgeblieben</strong></span> 
     </span>
     <span class='ocr_line' id='line_1_45' title="bbox 194 2324 938 2368; baseline -0.003 -8"><span class='ocrx_word' id='word_1_288' title='bbox 194 2340 270 2362; x_wconf 85' lang='lat' dir='ltr'><strong>war</strong></span> <span class='ocrx_word' id='word_1_289' title='bbox 295 2327 371 2362; x_wconf 89' lang='lat' dir='ltr'><strong>und</strong></span> <span class='ocrx_word' id='word_1_290' title='bbox 399 2326 479 2360; x_wconf 80' lang='lat' dir='ltr'><strong>sich</strong></span> <span class='ocrx_word' id='word_1_291' title='bbox 506 2327 601 2360; x_wconf 86' lang='lat' dir='ltr'><strong>auch</strong></span> <span class='ocrx_word' id='word_1_292' title='bbox 622 2325 719 2359; x_wconf 89' lang='lat' dir='ltr'><strong>wohl</strong></span> <span class='ocrx_word' id='word_1_293' title='bbox 741 2324 938 2368; x_wconf 80' lang='lat' dir='ltr'><strong>Fh&#39;ichtige</strong></span> 
     </span>
     <span class='ocr_line' id='line_1_46' title="bbox 194 2371 940 2409; baseline -0.005 0"><span class='ocrx_word' id='word_1_294' title='bbox 194 2387 259 2409; x_wconf 81' lang='lat' dir='ltr'><strong>aus</strong></span> <span class='ocrx_word' id='word_1_295' title='bbox 287 2375 353 2408; x_wconf 84' lang='lat' dir='ltr'><strong>der</strong></span> <span class='ocrx_word' id='word_1_296' title='bbox 380 2372 648 2408; x_wconf 85' lang='lat' dir='ltr'><strong>Schlachtlinie</strong></span> <span class='ocrx_word' id='word_1_297' title='bbox 675 2373 769 2406; x_wconf 85' lang='lat' dir='ltr'><strong>nach</strong></span> <span class='ocrx_word' id='word_1_298' title='bbox 794 2371 940 2406; x_wconf 82' lang='lat' dir='ltr'><strong>Verlust</strong></span> 
     </span>
     <span class='ocr_line' id='line_1_47' title="bbox 194 2419 940 2464; baseline -0.007 -7"><span class='ocrx_word' id='word_1_299' title='bbox 194 2423 293 2457; x_wconf 86' lang='lat' dir='ltr'><strong>ihrer</strong></span> <span class='ocrx_word' id='word_1_300' title='bbox 308 2420 456 2455; x_wconf 89' lang='lat' dir='ltr'><strong>Waffen</strong></span> <span class='ocrx_word' id='word_1_301' title='bbox 476 2419 591 2454; x_wconf 86' lang='lat' dir='ltr'><strong>dahin</strong></span> <span class='ocrx_word' id='word_1_302' title='bbox 611 2420 773 2464; x_wconf 84' lang='lat' dir='ltr'><strong>gerettet</strong></span> <span class='ocrx_word' id='word_1_303' title='bbox 799 2419 940 2462; x_wconf 87' lang='lat' dir='ltr'><strong>hatten,</strong></span> 
     </span>
     <span class='ocr_line' id='line_1_48' title="bbox 196 2466 941 2512; baseline -0.007 -8"><span class='ocrx_word' id='word_1_304' title='bbox 196 2481 224 2505; x_wconf 86' lang='lat' dir='ltr'><strong>c.</strong></span> <span class='ocrx_word' id='word_1_305' title='bbox 247 2474 303 2512; x_wconf 87' lang='lat'><strong>49,</strong></span> <span class='ocrx_word' id='word_1_306' title='bbox 327 2473 378 2503; x_wconf 87' lang='lat'><strong>13.</strong></span> <span class='ocrx_word' id='word_1_307' title='bbox 403 2471 458 2510; x_wconf 88' lang='lat'><strong>52,</strong></span> <span class='ocrx_word' id='word_1_308' title='bbox 482 2471 513 2501; x_wconf 91' lang='lat'><strong>2.</strong></span> <span class='ocrx_word' id='word_1_309' title='bbox 542 2470 598 2510; x_wconf 85' lang='lat'><strong>54,</strong></span> <span class='ocrx_word' id='word_1_310' title='bbox 626 2470 658 2500; x_wconf 91' lang='grc'><strong>2.</strong></span> <span class='ocrx_word' id='word_1_311' title='bbox 685 2487 728 2490; x_wconf 91' lang='grc'>-</span> <span class='ocrx_word' id='word_1_312' title='bbox 754 2466 941 2510; x_wconf 73' lang='lat' dir='ltr'><strong>fatiyatos,</strong></span> 
     </span>
     <span class='ocr_line' id='line_1_49' title="bbox 197 2515 942 2559; baseline -0.007 -8"><span class='ocrx_word' id='word_1_313' title='bbox 197 2529 236 2551; x_wconf 82' lang='lat' dir='ltr'><strong>so</strong></span> <span class='ocrx_word' id='word_1_314' title='bbox 271 2516 343 2551; x_wconf 87' lang='lat' dir='ltr'><strong>viel</strong></span> <span class='ocrx_word' id='word_1_315' title='bbox 376 2515 430 2549; x_wconf 88' lang='lat' dir='ltr'><strong>als</strong></span> <span class='ocrx_word' id='word_1_316' title='bbox 465 2516 637 2559; x_wconf 84' lang='lat' dir='ltr'><strong>gravatos</strong></span> <span class='ocrx_word' id='word_1_317' title='bbox 676 2516 724 2557; x_wconf 88' lang='lat'><strong>(1,</strong></span> <span class='ocrx_word' id='word_1_318' title='bbox 754 2517 784 2556; x_wconf 85' lang='lat'><strong>7,</strong></span> <span class='ocrx_word' id='word_1_319' title='bbox 813 2517 833 2547; x_wconf 87' lang='lat'>5</span> <span class='ocrx_word' id='word_1_320' title='bbox 860 2524 942 2547; x_wconf 89' lang='lat' dir='ltr'><strong>cum</strong></span> 
     </span>
     <span class='ocr_line' id='line_1_50' title="bbox 198 2563 942 2605; baseline -0.005 -8"><span class='ocrx_word' id='word_1_321' title='bbox 198 2564 280 2597; x_wconf 84' lang='lat' dir='ltr'><strong>cibo</strong></span> <span class='ocrx_word' id='word_1_322' title='bbox 313 2563 472 2605; x_wconf 87' lang='lat' dir='ltr'><strong>vinoque</strong></span> <span class='ocrx_word' id='word_1_323' title='bbox 505 2563 704 2605; x_wconf 85' lang='lat' dir='ltr'><strong>gravatum</strong></span> <span class='ocrx_word' id='word_1_324' title='bbox 737 2571 848 2605; x_wconf 88' lang='lat' dir='ltr'><strong>sopor</strong></span> <span class='ocrx_word' id='word_1_325' title='bbox 880 2571 942 2604; x_wconf 91' lang='lat' dir='ltr'><strong>op-</strong></span> 
     </span>
     <span class='ocr_line' id='line_1_51' title="bbox 198 2607 943 2654; baseline -0.004 -10"><span class='ocrx_word' id='word_1_326' title='bbox 198 2610 426 2654; x_wconf 83' lang='lat' dir='ltr'><strong>pressisset),</strong></span> <span class='ocrx_word' id='word_1_327' title='bbox 466 2609 648 2642; x_wconf 72' lang='lat' dir='ltr'><strong>oneratos.</strong></span> <span class='ocrx_word' id='word_1_328' title='bbox 682 2628 724 2632; x_wconf 89' lang='lat'>—</span> <span class='ocrx_word' id='word_1_329' title='bbox 759 2607 943 2651; x_wconf 70' lang='lat' dir='ltr'><strong>corzivmyi,</strong></span> 
     </span>
     <span class='ocr_line' id='line_1_52' title="bbox 198 2656 642 2699; baseline -0.007 -8"><span class='ocrx_word' id='word_1_330' title='bbox 198 2658 307 2691; x_wconf 65' lang='lat' dir='ltr'><strong>nilml.</strong></span> <span class='ocrx_word' id='word_1_331' title='bbox 335 2656 417 2699; x_wconf 83' lang='lat' dir='ltr'><strong>sibi,</strong></span> <span class='ocrx_word' id='word_1_332' title='bbox 443 2660 500 2699; x_wconf 88' lang='grc'><strong>21,</strong></span> <span class='ocrx_word' id='word_1_333' title='bbox 526 2659 584 2697; x_wconf 82' lang='grc'><strong>51,</strong></span> <span class='ocrx_word' id='word_1_334' title='bbox 612 2659 642 2689; x_wconf 84' lang='grc'><strong>7.</strong></span> 
     </span>
    </p>

    <p class='ocr_par' dir='ltr' id='par_1_21' title="bbox 199 2701 946 2935">
     <span class='ocr_line' id='line_1_53' title="bbox 246 2701 942 2746; baseline -0.006 -8"><span class='ocrx_word' id='word_1_335' title='bbox 246 2708 349 2738; x_wconf 84' lang='grc'>6-9.</span> <span class='ocrx_word' id='word_1_336' title='bbox 390 2702 623 2746; x_wconf 73' lang='lat' dir='ltr'><strong>Sempronius</strong></span> <span class='ocrx_word' id='word_1_337' title='bbox 665 2701 755 2736; x_wconf 72' lang='lat' dir='ltr'><strong>Tuci.</strong></span> <span class='ocrx_word' id='word_1_338' title='bbox 795 2704 852 2744; x_wconf 86' lang='lat'><strong>24,</strong></span> <span class='ocrx_word' id='word_1_339' title='bbox 885 2704 942 2743; x_wconf 84' lang='lat'><strong>43,</strong></span> 
     </span>
     <span class='ocr_line' id='line_1_54' title="bbox 200 2748 945 2793; baseline -0.005 -8"><span class='ocrx_word' id='word_1_340' title='bbox 200 2754 238 2793; x_wconf 78' lang='lat'><strong>83</strong></span> <span class='ocrx_word' id='word_1_341' title='bbox 273 2762 311 2785; x_wconf 88' lang='lat' dir='ltr'><strong>er</strong></span> <span class='ocrx_word' id='word_1_342' title='bbox 344 2761 420 2784; x_wconf 88' lang='lat' dir='ltr'><strong>war</strong></span> <span class='ocrx_word' id='word_1_343' title='bbox 452 2749 545 2783; x_wconf 85' lang='lat' dir='ltr'><strong>nach</strong></span> <span class='ocrx_word' id='word_1_344' title='bbox 579 2749 725 2793; x_wconf 87' lang='lat' dir='ltr'><strong>Appian</strong></span> <span class='ocrx_word' id='word_1_345' title='bbox 753 2748 872 2782; x_wconf 86' lang='lat' dir='ltr'><strong>Hann.</strong></span> <span class='ocrx_word' id='word_1_346' title='bbox 900 2751 945 2781; x_wconf 89' lang='grc'>26</span> 
     </span>
     <span class='ocr_line' id='line_1_55' title="bbox 199 2795 946 2841; baseline -0.005 -10"><span class='ocrx_word' id='word_1_347' title='bbox 199 2798 250 2831; x_wconf 88' lang='lat' dir='ltr'><strong>im</strong></span> <span class='ocrx_word' id='word_1_348' title='bbox 278 2797 426 2841; x_wconf 67' lang='lat' dir='ltr'><strong>grossen</strong></span> <span class='ocrx_word' id='word_1_349' title='bbox 451 2796 571 2840; x_wconf 86' lang='lat' dir='ltr'><strong>Lager</strong></span> <span class='ocrx_word' id='word_1_350' title='bbox 603 2807 685 2829; x_wconf 90' lang='lat' dir='ltr'><strong>zum</strong></span> <span class='ocrx_word' id='word_1_351' title='bbox 712 2795 852 2829; x_wconf 73' lang='lat' dir='ltr'><strong>Ftihrer</strong></span> <span class='ocrx_word' id='word_1_352' title='bbox 883 2805 946 2838; x_wconf 86' lang='lat' dir='ltr'><strong>ge-</strong></span> 
     </span>
     <span class='ocr_line' id='line_1_56' title="bbox 200 2841 945 2887; baseline -0.004 -10"><span class='ocrx_word' id='word_1_353' title='bbox 200 2845 318 2878; x_wconf 71' lang='lat' dir='ltr'><strong>wahlt</strong></span> <span class='ocrx_word' id='word_1_354' title='bbox 356 2844 430 2877; x_wconf 87' lang='lat' dir='ltr'><strong>und</strong></span> <span class='ocrx_word' id='word_1_355' title='bbox 470 2842 611 2887; x_wconf 87' lang='lat' dir='ltr'><strong>spricht</strong></span> <span class='ocrx_word' id='word_1_356' title='bbox 654 2842 733 2875; x_wconf 83' lang='lat' dir='ltr'><strong>also</strong></span> <span class='ocrx_word' id='word_1_357' title='bbox 774 2842 852 2875; x_wconf 87' lang='lat' dir='ltr'><strong>hier</strong></span> <span class='ocrx_word' id='word_1_358' title='bbox 891 2841 945 2875; x_wconf 85' lang='lat' dir='ltr'><strong>als</strong></span> 
     </span>
     <span class='ocr_line' id='line_1_57' title="bbox 201 2889 944 2935; baseline -0.003 -11"><span class='ocrx_word' id='word_1_359' title='bbox 201 2891 494 2935; x_wconf 85' lang='lat' dir='ltr'><strong>Abgeordneter.</strong></span> <span class='ocrx_word' id='word_1_360' title='bbox 541 2909 583 2913; x_wconf 90' lang='lat'><strong>—</strong></span> <span class='ocrx_word' id='word_1_361' title='bbox 629 2900 730 2923; x_wconf 78' lang='lat' dir='ltr'><strong>avar.</strong></span> <span class='ocrx_word' id='word_1_362' title='bbox 769 2893 800 2923; x_wconf 78' lang='lat' dir='ltr'><strong>et</strong></span> <span class='ocrx_word' id='word_1_363' title='bbox 844 2889 944 2922; x_wconf 77' lang='lat' dir='ltr'><strong>crud.</strong></span> 
     </span>
    </p>
   </div>
   <div class='ocr_carea' id='block_1_20' title="bbox 1004 1667 1762 2886">
    <p class='ocr_par' dir='ltr' id='par_1_22' title="bbox 1004 1667 1762 2886">
     <span class='ocr_line' id='line_1_58' title="bbox 1004 1667 1750 1709; baseline -0.003 -7"><span class='ocrx_word' id='word_1_364' title='bbox 1004 1667 1232 1702; x_wconf 84' lang='lat' dir='ltr'><strong>rhetorische</strong></span> <span class='ocrx_word' id='word_1_365' title='bbox 1269 1667 1424 1709; x_wconf 86' lang='lat' dir='ltr'><strong>Phrase,</strong></span> <span class='ocrx_word' id='word_1_366' title='bbox 1465 1677 1493 1700; x_wconf 91' lang='lat' dir='ltr'><strong>c.</strong></span> <span class='ocrx_word' id='word_1_367' title='bbox 1530 1670 1594 1709; x_wconf 89' lang='grc'><strong>59,</strong></span> <span class='ocrx_word' id='word_1_368' title='bbox 1624 1670 1677 1701; x_wconf 91' lang='grc'><strong>14.</strong></span> <span class='ocrx_word' id='word_1_369' title='bbox 1705 1686 1750 1692; x_wconf 93' lang='lat'>—</span> 
     </span>
     <span class='ocr_line' id='line_1_59' title="bbox 1004 1712 1751 1758; baseline -0.001 -9"><span class='ocrx_word' id='word_1_370' title='bbox 1004 1715 1316 1758; x_wconf 62' lang='lat' dir='ltr'><strong>inter-royantibus</strong></span> <span class='ocrx_word' id='word_1_371' title='bbox 1341 1717 1403 1749; x_wconf 74' lang='lat' dir='ltr'><strong>etc.</strong></span> <span class='ocrx_word' id='word_1_372' title='bbox 1431 1713 1517 1748; x_wconf 88' lang='lat' dir='ltr'><strong>weil</strong></span> <span class='ocrx_word' id='word_1_373' title='bbox 1537 1712 1598 1748; x_wconf 85' lang='lat' dir='ltr'><strong>die</strong></span> <span class='ocrx_word' id='word_1_374' title='bbox 1616 1714 1751 1748; x_wconf 78' lang='lat' dir='ltr'><strong>Romer</strong></span> 
     </span>
     <span class='ocr_line' id='line_1_60' title="bbox 1006 1760 1752 1806; baseline -0.003 -10"><span class='ocrx_word' id='word_1_375' title='bbox 1006 1762 1060 1796; x_wconf 84' lang='lat' dir='ltr'><strong>als</strong></span> <span class='ocrx_word' id='word_1_376' title='bbox 1088 1761 1303 1806; x_wconf 81' lang='lat' dir='ltr'><strong>Gesangene</strong></span> <span class='ocrx_word' id='word_1_377' title='bbox 1329 1760 1544 1805; x_wconf 78' lang='lat' dir='ltr'><strong>behandelt,</strong></span> <span class='ocrx_word' id='word_1_378' title='bbox 1572 1760 1632 1795; x_wconf 90' lang='lat' dir='ltr'><strong>die</strong></span> <span class='ocrx_word' id='word_1_379' title='bbox 1658 1760 1752 1795; x_wconf 83' lang='lat' dir='ltr'><strong>socii</strong></span> 
     </span>
     <span class='ocr_line' id='line_1_61' title="bbox 1006 1808 1755 1854; baseline 0 -11"><span class='ocrx_word' id='word_1_380' title='bbox 1006 1810 1175 1854; x_wconf 85' lang='lat' dir='ltr'><strong>dagegen</strong></span> <span class='ocrx_word' id='word_1_381' title='bbox 1190 1808 1430 1853; x_wconf 83' lang='lat' dir='ltr'><strong>freigegeben</strong></span> <span class='ocrx_word' id='word_1_382' title='bbox 1445 1808 1533 1842; x_wconf 86' lang='lat' dir='ltr'><strong>oder</strong></span> <span class='ocrx_word' id='word_1_383' title='bbox 1551 1818 1675 1853; x_wconf 85' lang='lat' dir='ltr'><strong>gegen</strong></span> <span class='ocrx_word' id='word_1_384' title='bbox 1689 1819 1755 1852; x_wconf 88' lang='lat' dir='ltr'><strong>ge-</strong></span> 
     </span>
     <span class='ocr_line' id='line_1_62' title="bbox 1005 1855 1754 1901; baseline -0.001 -11"><span class='ocrx_word' id='word_1_385' title='bbox 1005 1857 1170 1901; x_wconf 85' lang='lat' dir='ltr'><strong>ringeres</strong></span> <span class='ocrx_word' id='word_1_386' title='bbox 1185 1855 1369 1899; x_wconf 72' lang='lat' dir='ltr'><strong>Losegeld</strong></span> <span class='ocrx_word' id='word_1_387' title='bbox 1390 1855 1575 1889; x_wconf 85' lang='lat' dir='ltr'><strong>entlassen</strong></span> <span class='ocrx_word' id='word_1_388' title='bbox 1588 1855 1754 1899; x_wconf 87' lang='lat' dir='ltr'><strong>wurden,</strong></span> 
     </span>
     <span class='ocr_line' id='line_1_63' title="bbox 1008 1901 1756 1946; baseline -0.003 -8"><span class='ocrx_word' id='word_1_389' title='bbox 1008 1916 1052 1938; x_wconf 86' lang='lat' dir='ltr'><strong>zu</strong></span> <span class='ocrx_word' id='word_1_390' title='bbox 1079 1915 1107 1938; x_wconf 91' lang='lat' dir='ltr'><strong>c.</strong></span> <span class='ocrx_word' id='word_1_391' title='bbox 1138 1907 1169 1946; x_wconf 87' lang='lat'><strong>7,</strong></span> <span class='ocrx_word' id='word_1_392' title='bbox 1197 1907 1216 1937; x_wconf 83' lang='lat'>5</span> <span class='ocrx_word' id='word_1_393' title='bbox 1243 1902 1318 1937; x_wconf 88' lang='lat' dir='ltr'><strong>und</strong></span> <span class='ocrx_word' id='word_1_394' title='bbox 1352 1906 1407 1945; x_wconf 84' lang='lat'><strong>52,</strong></span> <span class='ocrx_word' id='word_1_395' title='bbox 1435 1905 1466 1936; x_wconf 89' lang='lat'><strong>3.</strong></span> <span class='ocrx_word' id='word_1_396' title='bbox 1501 1923 1544 1927; x_wconf 94' lang='lat'>—</span> <span class='ocrx_word' id='word_1_397' title='bbox 1579 1901 1756 1944; x_wconf 73' lang='lat' dir='ltr'><strong>Latinus,</strong></span> 
     </span>
     <span class='ocr_line' id='line_1_64' title="bbox 1007 1948 1756 1995; baseline -0.004 -10"><span class='ocrx_word' id='word_1_398' title='bbox 1007 1950 1203 1995; x_wconf 83' lang='lat' dir='ltr'><strong>Adjektiv,</strong></span> <span class='ocrx_word' id='word_1_399' title='bbox 1236 1950 1286 1984; x_wconf 88' lang='lat' dir='ltr'><strong>ist</strong></span> <span class='ocrx_word' id='word_1_400' title='bbox 1316 1962 1385 1983; x_wconf 86' lang='lat' dir='ltr'><strong>nur</strong></span> <span class='ocrx_word' id='word_1_401' title='bbox 1415 1961 1478 1983; x_wconf 87' lang='lat' dir='ltr'><strong>um</strong></span> <span class='ocrx_word' id='word_1_402' title='bbox 1512 1949 1576 1983; x_wconf 82' lang='lat' dir='ltr'><strong>des</strong></span> <span class='ocrx_word' id='word_1_403' title='bbox 1612 1948 1756 1994; x_wconf 86' lang='lat' dir='ltr'><strong>Gegen-</strong></span> 
     </span>
     <span class='ocr_line' id='line_1_65' title="bbox 1009 1996 1757 2041; baseline -0.003 -9"><span class='ocrx_word' id='word_1_404' title='bbox 1009 2000 1125 2032; x_wconf 87' lang='lat' dir='ltr'><strong>satzes</strong></span> <span class='ocrx_word' id='word_1_405' title='bbox 1166 1997 1292 2031; x_wconf 79' lang='lat' dir='ltr'><strong>willen</strong></span> <span class='ocrx_word' id='word_1_406' title='bbox 1337 1996 1514 2041; x_wconf 74' lang='lat' dir='ltr'><strong>zugefiigt</strong></span> <span class='ocrx_word' id='word_1_407' title='bbox 1556 1997 1631 2030; x_wconf 81' lang='lat' dir='ltr'><strong>und</strong></span> <span class='ocrx_word' id='word_1_408' title='bbox 1676 1996 1757 2030; x_wconf 87' lang='lat' dir='ltr'><strong>hier</strong></span> 
     </span>
     <span class='ocr_line' id='line_1_66' title="bbox 1008 2043 1756 2090; baseline -0.001 -12"><span class='ocrx_word' id='word_1_409' title='bbox 1008 2043 1346 2090; x_wconf 85' lang='lat' dir='ltr'><strong>gleichbedeutend</strong></span> <span class='ocrx_word' id='word_1_410' title='bbox 1372 2043 1442 2078; x_wconf 87' lang='lat' dir='ltr'><strong>mit</strong></span> <span class='ocrx_word' id='word_1_411' title='bbox 1467 2043 1605 2088; x_wconf 84' lang='lat' dir='ltr'><strong>socius,</strong></span> <span class='ocrx_word' id='word_1_412' title='bbox 1643 2043 1690 2077; x_wconf 89' lang='lat' dir='ltr'><strong>da</strong></span> <span class='ocrx_word' id='word_1_413' title='bbox 1715 2043 1756 2077; x_wconf 88' lang='lat' dir='ltr'><strong>L.</strong></span> 
     </span>
     <span class='ocr_line' id='line_1_67' title="bbox 1010 2090 1755 2133; baseline -0.003 -8"><span class='ocrx_word' id='word_1_414' title='bbox 1010 2093 1119 2125; x_wconf 88' lang='lat' dir='ltr'><strong>unter</strong></span> <span class='ocrx_word' id='word_1_415' title='bbox 1145 2091 1217 2124; x_wconf 86' lang='lat' dir='ltr'><strong>den</strong></span> <span class='ocrx_word' id='word_1_416' title='bbox 1252 2090 1449 2125; x_wconf 84' lang='lat' dir='ltr'><strong>italischen</strong></span> <span class='ocrx_word' id='word_1_417' title='bbox 1476 2090 1755 2133; x_wconf 80' lang='lat' dir='ltr'><strong>Bundesgenos-</strong></span> 
     </span>
     <span class='ocr_line' id='line_1_68' title="bbox 1010 2135 1754 2172; baseline -0.003 -1"><span class='ocrx_word' id='word_1_418' title='bbox 1010 2149 1075 2172; x_wconf 82' lang='lat' dir='ltr'><strong>sen</strong></span> <span class='ocrx_word' id='word_1_419' title='bbox 1100 2137 1207 2171; x_wconf 87' lang='lat' dir='ltr'><strong>keine</strong></span> <span class='ocrx_word' id='word_1_420' title='bbox 1227 2137 1431 2171; x_wconf 83' lang='lat' dir='ltr'><strong>besondere</strong></span> <span class='ocrx_word' id='word_1_421' title='bbox 1452 2135 1580 2170; x_wconf 83' lang='lat' dir='ltr'><strong>Klasse</strong></span> <span class='ocrx_word' id='word_1_422' title='bbox 1602 2137 1754 2170; x_wconf 63' lang='grc'>116111116-</span> 
     </span>
     <span class='ocr_line' id='line_1_69' title="bbox 1010 2183 1756 2226; baseline -0.003 -8"><span class='ocrx_word' id='word_1_423' title='bbox 1010 2183 1130 2218; x_wconf 85' lang='lat' dir='ltr'><strong>heben</strong></span> <span class='ocrx_word' id='word_1_424' title='bbox 1168 2183 1262 2226; x_wconf 86' lang='lat' dir='ltr'><strong>will,</strong></span> <span class='ocrx_word' id='word_1_425' title='bbox 1303 2194 1331 2217; x_wconf 87' lang='lat' dir='ltr'><strong>c.</strong></span> <span class='ocrx_word' id='word_1_426' title='bbox 1359 2187 1421 2224; x_wconf 82' lang='lat'><strong>58,</strong></span> <span class='ocrx_word' id='word_1_427' title='bbox 1448 2186 1479 2215; x_wconf 88' lang='grc'><strong>2.</strong></span> <span class='ocrx_word' id='word_1_428' title='bbox 1516 2203 1555 2206; x_wconf 93' lang='grc'><strong>-</strong></span> <span class='ocrx_word' id='word_1_429' title='bbox 1592 2192 1666 2216; x_wconf 71' lang='lat' dir='ltr'><strong>riori</strong></span> <span class='ocrx_word' id='word_1_430' title='bbox 1703 2186 1756 2226; x_wconf 77' lang='lat' dir='ltr'><strong>tu,</strong></span> 
     </span>
     <span class='ocr_line' id='line_1_70' title="bbox 1010 2228 1756 2273; baseline -0.003 -8"><span class='ocrx_word' id='word_1_431' title='bbox 1010 2230 1123 2265; x_wconf 81' lang='lat' dir='ltr'><strong>n&#39;aml.</strong></span> <span class='ocrx_word' id='word_1_432' title='bbox 1151 2230 1278 2273; x_wconf 83' lang='lat' dir='ltr'><strong>males,</strong></span> <span class='ocrx_word' id='word_1_433' title='bbox 1305 2229 1430 2264; x_wconf 88' lang='lat' dir='ltr'><strong>indem</strong></span> <span class='ocrx_word' id='word_1_434' title='bbox 1456 2229 1534 2263; x_wconf 88' lang='lat' dir='ltr'><strong>sich</strong></span> <span class='ocrx_word' id='word_1_435' title='bbox 1554 2228 1696 2273; x_wconf 83' lang='lat' dir='ltr'><strong>Sempr.</strong></span> <span class='ocrx_word' id='word_1_436' title='bbox 1717 2229 1756 2263; x_wconf 91' lang='lat' dir='ltr'><strong>in</strong></span> 
     </span>
     <span class='ocr_line' id='line_1_71' title="bbox 1011 2275 1754 2312; baseline -0.001 -1"><span class='ocrx_word' id='word_1_437' title='bbox 1011 2277 1196 2312; x_wconf 86' lang='lat' dir='ltr'><strong>lebhafter</strong></span> <span class='ocrx_word' id='word_1_438' title='bbox 1222 2276 1323 2311; x_wconf 87' lang='lat' dir='ltr'><strong>Rede</strong></span> <span class='ocrx_word' id='word_1_439' title='bbox 1359 2288 1406 2310; x_wconf 86' lang='lat' dir='ltr'><strong>an</strong></span> <span class='ocrx_word' id='word_1_440' title='bbox 1432 2275 1538 2309; x_wconf 86' lang='lat' dir='ltr'><strong>einen</strong></span> <span class='ocrx_word' id='word_1_441' title='bbox 1565 2276 1754 2310; x_wconf 85' lang='lat' dir='ltr'><strong>einzelnen</strong></span> 
     </span>
     <span class='ocr_line' id='line_1_72' title="bbox 1012 2322 1754 2365; baseline -0.001 -7"><span class='ocrx_word' id='word_1_442' title='bbox 1012 2325 1146 2359; x_wconf 70' lang='lat' dir='ltr'><strong>Romer</strong></span> <span class='ocrx_word' id='word_1_443' title='bbox 1173 2323 1330 2365; x_wconf 86' lang='lat' dir='ltr'><strong>wendet,</strong></span> <span class='ocrx_word' id='word_1_444' title='bbox 1355 2323 1426 2357; x_wconf 88' lang='lat' dir='ltr'><strong>wie</strong></span> <span class='ocrx_word' id='word_1_445' title='bbox 1454 2323 1568 2357; x_wconf 89' lang='lat' dir='ltr'><strong>schon</strong></span> <span class='ocrx_word' id='word_1_446' title='bbox 1592 2322 1663 2357; x_wconf 86' lang='lat' dir='ltr'><strong>mit</strong></span> <span class='ocrx_word' id='word_1_447' title='bbox 1682 2323 1754 2357; x_wconf 85' lang='lat' dir='ltr'><strong>den</strong></span> 
     </span>
     <span class='ocr_line' id='line_1_73' title="bbox 1012 2370 1756 2411; baseline -0.001 -7"><span class='ocrx_word' id='word_1_448' title='bbox 1012 2371 1169 2406; x_wconf 85' lang='lat' dir='ltr'><strong>Worten</strong></span> <span class='ocrx_word' id='word_1_449' title='bbox 1190 2382 1233 2405; x_wconf 84' lang='lat' dir='ltr'><strong>ex</strong></span> <span class='ocrx_word' id='word_1_450' title='bbox 1252 2372 1318 2405; x_wconf 86' lang='lat' dir='ltr'><strong>tua</strong></span> <span class='ocrx_word' id='word_1_451' title='bbox 1338 2371 1433 2404; x_wconf 88' lang='lat' dir='ltr'><strong>cont.</strong></span> <span class='ocrx_word' id='word_1_452' title='bbox 1454 2390 1496 2394; x_wconf 86' lang='lat'><strong>-—</strong></span> <span class='ocrx_word' id='word_1_453' title='bbox 1513 2370 1607 2411; x_wconf 70' lang='lat' dir='ltr'><strong>berte,</strong></span> <span class='ocrx_word' id='word_1_454' title='bbox 1633 2370 1756 2404; x_wconf 79' lang='grc'>11111111-</span> 
     </span>
     <span class='ocr_line' id='line_1_74' title="bbox 1013 2418 1757 2462; baseline -0.004 -9"><span class='ocrx_word' id='word_1_455' title='bbox 1013 2419 1100 2462; x_wconf 87' lang='lat' dir='ltr'><strong>voll,</strong></span> <span class='ocrx_word' id='word_1_456' title='bbox 1126 2418 1196 2452; x_wconf 90' lang='lat' dir='ltr'><strong>mit</strong></span> <span class='ocrx_word' id='word_1_457' title='bbox 1221 2418 1355 2459; x_wconf 85' lang='lat' dir='ltr'><strong>Ehren,</strong></span> <span class='ocrx_word' id='word_1_458' title='bbox 1386 2421 1441 2458; x_wconf 84' lang='lat'><strong>21,</strong></span> <span class='ocrx_word' id='word_1_459' title='bbox 1468 2420 1524 2459; x_wconf 87' lang='grc'>42,</span> <span class='ocrx_word' id='word_1_460' title='bbox 1550 2420 1583 2451; x_wconf 91' lang='grc'><strong>4.</strong></span> <span class='ocrx_word' id='word_1_461' title='bbox 1611 2437 1654 2442; x_wconf 90' lang='grc'><strong>-</strong></span> <span class='ocrx_word' id='word_1_462' title='bbox 1682 2428 1757 2451; x_wconf 78' lang='lat' dir='ltr'><strong>ma-</strong></span> 
     </span>
     <span class='ocr_line' id='line_1_75' title="bbox 1013 2463 1757 2508; baseline -0.005 -7"><span class='ocrx_word' id='word_1_463' title='bbox 1013 2467 1106 2508; x_wconf 81' lang='lat' dir='ltr'><strong>iora,</strong></span> <span class='ocrx_word' id='word_1_464' title='bbox 1144 2464 1320 2508; x_wconf 79' lang='lat' dir='ltr'><strong>dichtere,</strong></span> <span class='ocrx_word' id='word_1_465' title='bbox 1359 2463 1626 2506; x_wconf 85' lang='lat' dir='ltr'><strong>zahlreichere,</strong></span> <span class='ocrx_word' id='word_1_466' title='bbox 1660 2464 1757 2498; x_wconf 88' lang='lat' dir='ltr'><strong>nach</strong></span> 
     </span>
     <span class='ocr_line' id='line_1_76' title="bbox 1015 2510 1759 2557; baseline -0.004 -10"><span class='ocrx_word' id='word_1_467' title='bbox 1015 2513 1197 2557; x_wconf 85' lang='lat' dir='ltr'><strong>Analogie</strong></span> <span class='ocrx_word' id='word_1_468' title='bbox 1233 2523 1305 2546; x_wconf 90' lang='lat' dir='ltr'><strong>von</strong></span> <span class='ocrx_word' id='word_1_469' title='bbox 1341 2521 1499 2555; x_wconf 85' lang='lat' dir='ltr'><strong>magnae</strong></span> <span class='ocrx_word' id='word_1_470' title='bbox 1531 2510 1675 2554; x_wconf 72' lang='lat' dir='ltr'><strong>copiae,</strong></span> <span class='ocrx_word' id='word_1_471' title='bbox 1714 2522 1759 2544; x_wconf 87' lang='lat' dir='ltr'><strong>zu</strong></span> 
     </span>
     <span class='ocr_line' id='line_1_77' title="bbox 1017 2557 1758 2604; baseline -0.004 -10"><span class='ocrx_word' id='word_1_472' title='bbox 1017 2564 1072 2604; x_wconf 90' lang='lat'><strong>21,</strong></span> <span class='ocrx_word' id='word_1_473' title='bbox 1094 2563 1151 2603; x_wconf 86' lang='grc'>43,</span> <span class='ocrx_word' id='word_1_474' title='bbox 1172 2563 1204 2594; x_wconf 89' lang='grc'><strong>3.</strong></span> <span class='ocrx_word' id='word_1_475' title='bbox 1221 2579 1260 2583; x_wconf 82' lang='lat'>-</span> <span class='ocrx_word' id='word_1_476' title='bbox 1278 2558 1485 2593; x_wconf 71' lang='lat' dir='ltr'><strong>inordinati</strong></span> <span class='ocrx_word' id='word_1_477' title='bbox 1504 2570 1535 2592; x_wconf 84' lang='lat' dir='ltr'><strong>a.</strong></span> <span class='ocrx_word' id='word_1_478' title='bbox 1551 2558 1589 2599; x_wconf 86' lang='lat' dir='ltr'><strong>i.,</strong></span> <span class='ocrx_word' id='word_1_479' title='bbox 1610 2557 1758 2601; x_wconf 73' lang='lat' dir='ltr'><strong>haufige</strong></span> 
     </span>
     <span class='ocr_line' id='line_1_78' title="bbox 1016 2605 1759 2650; baseline -0.004 -9"><span class='ocrx_word' id='word_1_480' title='bbox 1016 2607 1278 2650; x_wconf 72' lang='lat' dir='ltr'><strong>Vei-bindung,</strong></span> <span class='ocrx_word' id='word_1_481' title='bbox 1317 2617 1346 2640; x_wconf 89' lang='lat' dir='ltr'><strong>c.</strong></span> <span class='ocrx_word' id='word_1_482' title='bbox 1379 2608 1440 2647; x_wconf 88' lang='grc'>56,</span> <span class='ocrx_word' id='word_1_483' title='bbox 1474 2608 1512 2647; x_wconf 86' lang='grc'><strong>2;</strong></span> <span class='ocrx_word' id='word_1_484' title='bbox 1550 2605 1759 2647; x_wconf 74' lang='lat' dir='ltr'><strong>obstrepunt</strong></span> 
     </span>
     <span class='ocr_line' id='line_1_79' title="bbox 1018 2651 1759 2694; baseline -0.004 -6"><span class='ocrx_word' id='word_1_485' title='bbox 1018 2665 1090 2688; x_wconf 91' lang='lat' dir='ltr'><strong>von</strong></span> <span class='ocrx_word' id='word_1_486' title='bbox 1117 2653 1187 2688; x_wconf 82' lang='lat' dir='ltr'><strong>den</strong></span> <span class='ocrx_word' id='word_1_487' title='bbox 1212 2651 1448 2694; x_wconf 80' lang='lat' dir='ltr'><strong>Numidiern,</strong></span> <span class='ocrx_word' id='word_1_488' title='bbox 1485 2651 1624 2686; x_wconf 89' lang='lat' dir='ltr'><strong>welche</strong></span> <span class='ocrx_word' id='word_1_489' title='bbox 1650 2654 1759 2685; x_wconf 84' lang='lat' dir='ltr'><strong>unter</strong></span> 
     </span>
     <span class='ocr_line' id='line_1_80' title="bbox 1018 2697 1758 2742; baseline -0.004 -7"><span class='ocrx_word' id='word_1_490' title='bbox 1018 2702 1127 2736; x_wconf 70' lang='lat' dir='ltr'><strong>Larm</strong></span> <span class='ocrx_word' id='word_1_491' title='bbox 1158 2711 1225 2734; x_wconf 84' lang='lat' dir='ltr'><strong>vor</strong></span> <span class='ocrx_word' id='word_1_492' title='bbox 1256 2700 1326 2734; x_wconf 91' lang='lat' dir='ltr'><strong>den</strong></span> <span class='ocrx_word' id='word_1_493' title='bbox 1353 2699 1500 2734; x_wconf 88' lang='lat' dir='ltr'><strong>Thoren</strong></span> <span class='ocrx_word' id='word_1_494' title='bbox 1531 2698 1595 2732; x_wconf 84' lang='lat' dir='ltr'><strong>des</strong></span> <span class='ocrx_word' id='word_1_495' title='bbox 1620 2697 1758 2742; x_wconf 82' lang='lat' dir='ltr'><strong>Lagers</strong></span> 
     </span>
     <span class='ocr_line' id='line_1_81' title="bbox 1019 2744 1758 2792; baseline -0.005 -10"><span class='ocrx_word' id='word_1_496' title='bbox 1019 2749 1346 2792; x_wconf 84' lang='lat' dir='ltr'><strong>herumsprengen.</strong></span> <span class='ocrx_word' id='word_1_497' title='bbox 1373 2766 1415 2770; x_wconf 79' lang='lat'><strong>—</strong></span> <span class='ocrx_word' id='word_1_498' title='bbox 1442 2746 1503 2779; x_wconf 81' lang='lat' dir='ltr'><strong>via</strong></span> <span class='ocrx_word' id='word_1_499' title='bbox 1535 2745 1591 2788; x_wconf 73' lang='lat' dir='ltr'><strong>fit,</strong></span> <span class='ocrx_word' id='word_1_500' title='bbox 1624 2744 1694 2778; x_wconf 90' lang='lat' dir='ltr'><strong>wie</strong></span> <span class='ocrx_word' id='word_1_501' title='bbox 1729 2755 1758 2779; x_wconf 88' lang='lat' dir='ltr'><strong>c.</strong></span> 
     </span>
     <span class='ocr_line' id='line_1_82' title="bbox 1019 2791 1759 2838; baseline -0.004 -9"><span class='ocrx_word' id='word_1_502' title='bbox 1019 2799 1051 2838; x_wconf 83' lang='lat'><strong>5,</strong></span> <span class='ocrx_word' id='word_1_503' title='bbox 1079 2799 1117 2838; x_wconf 76' lang='lat'><strong>23</strong></span> <span class='ocrx_word' id='word_1_504' title='bbox 1157 2794 1220 2828; x_wconf 87' lang='lat' dir='ltr'><strong>der</strong></span> <span class='ocrx_word' id='word_1_505' title='bbox 1257 2794 1342 2828; x_wconf 81' lang='lat' dir='ltr'><strong>Satz</strong></span> <span class='ocrx_word' id='word_1_506' title='bbox 1378 2793 1427 2826; x_wconf 89' lang='lat' dir='ltr'><strong>ist</strong></span> <span class='ocrx_word' id='word_1_507' title='bbox 1464 2791 1664 2835; x_wconf 84' lang='lat' dir='ltr'><strong>allgemein</strong></span> <span class='ocrx_word' id='word_1_508' title='bbox 1697 2803 1759 2836; x_wconf 87' lang='lat' dir='ltr'><strong>ge-</strong></span> 
     </span>
     <span class='ocr_line' id='line_1_83' title="bbox 1020 2837 1762 2886; baseline -0.004 -11"><span class='ocrx_word' id='word_1_509' title='bbox 1020 2841 1221 2886; x_wconf 80' lang='lat' dir='ltr'><strong>sprochen‚</strong></span> <span class='ocrx_word' id='word_1_510' title='bbox 1267 2841 1314 2874; x_wconf 82' lang='lat' dir='ltr'><strong>da</strong></span> <span class='ocrx_word' id='word_1_511' title='bbox 1358 2839 1415 2874; x_wconf 87' lang='lat' dir='ltr'><strong>die</strong></span> <span class='ocrx_word' id='word_1_512' title='bbox 1454 2837 1762 2883; x_wconf 86' lang='lat' dir='ltr'><strong>Notwendigkeit</strong></span> 
     </span>
    </p>
   </div>
   <div class='ocr_carea' id='block_1_21' title="bbox 1020 2886 1760 2923">
    <p class='ocr_par' dir='ltr' id='par_1_23' title="bbox 1020 2886 1760 2923">
     <span class='ocr_line' id='line_1_84' title="bbox 1020 2886 1760 2923; baseline -0.005 -1"><span class='ocrx_word' id='word_1_513' title='bbox 1020 2888 1144 2923; x_wconf 80' lang='lat' dir='ltr'><strong>dichte</strong></span> <span class='ocrx_word' id='word_1_514' title='bbox 1196 2887 1335 2921; x_wconf 87' lang='lat' dir='ltr'><strong>Reihen</strong></span> <span class='ocrx_word' id='word_1_515' title='bbox 1386 2886 1663 2920; x_wconf 82' lang='lat' dir='ltr'><strong>durchbrechen</strong></span> <span class='ocrx_word' id='word_1_516' title='bbox 1715 2897 1760 2918; x_wconf 89' lang='lat' dir='ltr'><strong>zu</strong></span> 
     </span>
    </p>
   </div>
  </div>
 </body>
</html>
