1882 3163
130 119 161 139 a.
182 111 233 139 Ch.
253 111 313 138 215.

617 99 762 135 LIBER
786 97 917 135 ΧΧΙΙΙ.
968 99 1070 135 CAP.
1098 103 1154 134 40.
1180 103 1237 134 41.
1490 121 1494 124 ·
1638 97 1694 139 81

131 214 293 253 temere
324 210 487 265 proelio
519 209 627 251 inito
659 208 779 250 fusus
812 208 1082 263 fugatusque.
1127 207 1182 250 ad
1205 208 1292 250 tria
1319 208 1436 249 milia
1463 205 1695 249 Sardorum

133 285 183 312 eo
218 270 380 324 proelio
413 283 555 322 caesa,
599 268 831 323 octingenti
869 267 1003 309 ferme
1040 267 1125 309 vivi
1164 268 1288 322 capti.
1340 267 1450 309 alius
1484 266 1694 308 exercitus
1716 275 1736 307 5

131 330 273 384 primo
294 343 371 384 per
396 341 522 383 agros
550 326 764 381 silvasque
789 326 895 381 fuga
920 326 1106 380 palatus3
1140 326 1237 368 dein
1256 341 1339 381 quo
1361 326 1511 368 ducem
1530 325 1697 381 fugisse

133 389 251 430 fama
276 391 380 441 erat,
411 386 464 428 ad
489 386 638 428 urbem
663 385 836 427 nomine
863 384 1065 439 Cornum,
1091 389 1220 440 caput
1246 387 1335 428 eius
1360 385 1562 441 regionis,
1594 400 1695 428 con-

133 447 260 502 fugit.
310 446 655 499 debellatumque
688 459 737 486 eo
776 444 942 499 proelio
981 445 1026 485 in
1064 442 1261 486 Sardinia
1294 447 1424 498 esset,
1462 444 1506 486 ni
1544 444 1694 486 classis
1716 452 1737 483 6

132 506 295 548 Punica
326 520 422 547 cum
453 504 558 546 duce
584 502 867 558 Hasdrubale,
899 518 1007 559 quae
1033 505 1289 557 tempestate
1315 504 1478 545 deiecta
1505 504 1558 545 ad
1583 502 1697 545 Bali-

135 566 220 607 aris
253 566 363 615 erat,
395 564 440 604 in
471 566 664 618 tempore
696 564 750 604 ad
782 577 904 617 spem
934 562 1171 604 rebellandi
1203 562 1459 605 advenisset.
1508 562 1696 604 Manlius
1717 569 1737 602 7

133 627 233 679 post
270 623 433 664 famam
471 622 674 676 adpulsae
712 621 899 664 Punicae
944 622 1095 664 classis
1135 620 1301 663 Caralis
1342 636 1386 663 se
1423 622 1603 677 recepit3
1647 637 1698 664 ea

134 683 302 725 occasio
335 681 644 735 Hampsicorae
677 681 777 723 data
810 683 876 723 est
907 680 1050 723 Poeno
1084 695 1128 722 se
1160 681 1374 736 iungendi.

251 740 509 794 Hasdrubal,
553 741 685 795 copiis
729 741 774 782 in
817 743 977 782 terram
1015 740 1220 795 expositis
1264 743 1306 782 et
1343 741 1478 782 classe
1516 741 1736 782 remissas

134 799 460 855 Carthaginem,
505 799 609 841 duce
654 799 940 854 Hampsicora
978 799 1030 841 ad
1069 800 1284 842 sociorum
1327 799 1475 854 populi
1514 798 1700 841 Romani

134 873 288 915 agrum
315 859 605 914 populandum
631 859 848 913 profectus
876 857 1042 902 Caralis
1067 862 1349 913 perventurus
1377 862 1480 913 erat,
1506 859 1551 900 ni
1576 858 1698 900 Man-

132 919 215 960 lius
257 918 383 960 obvio
429 918 614 960 exercitu
659 918 712 959 ab
757 919 891 960 effusa
936 933 1033 959 eum
1077 918 1358 973 populatione
1400 918 1697 960 continuisset.

132 978 272 1032 primo
300 980 439 1019 castra
466 977 619 1019 castris
646 977 813 1019 modico
840 977 1068 1019 intervallo
1095 981 1196 1019 sunt
1223 978 1409 1032 obiecta,
1443 977 1594 1019 deinde
1620 991 1697 1032 per
1718 986 1738 1017 9

132 1036 481 1092 procursationes
522 1036 634 1078 levia
673 1037 907 1078 certamina
944 1037 1062 1079 vario
1107 1039 1261 1079 eventu
1304 1037 1431 1093 inita3
1480 1039 1698 1092 postremo

133 1096 385 1138 descensum
415 1096 460 1136 in
491 1096 637 1137 aciem.
688 1096 824 1152 signis
850 1096 1032 1138 conlatis
1058 1096 1174 1138 iusto
1199 1096 1362 1150 proelio
1388 1111 1465 1150 per
1492 1099 1696 1151 quattuor

133 1155 263 1197 horas
295 1157 546 1210 pugnatum.
599 1154 670 1196 diu
708 1168 898 1210 pugnam
938 1155 1169 1211 ancipitem
1200 1155 1353 1209 Poeni,
1395 1154 1539 1197 Sardis
1571 1155 1696 1198 facile
1714 1165 1756 1196 10
1808 1214 1810 1216 Υ

136 1214 248 1256 vinci
287 1213 495 1267 adsuetis,
536 1213 751 1268 fecerunt3
794 1217 1012 1268 postremo
1053 1217 1095 1256 et
1132 1215 1233 1270 ipsi,
1279 1230 1375 1257 cum
1411 1215 1556 1256 omnia
1587 1215 1698 1257 circa

135 1276 278 1328 strage
316 1287 363 1314 ac
402 1273 504 1328 fuga
545 1271 776 1314 Sardorum
812 1273 978 1328 repleta
1010 1276 1170 1329 essent,
1208 1274 1305 1316 fusi.
1357 1276 1544 1316 ceterum
1575 1277 1698 1329 terga
1715 1284 1757 1314 11

133 1332 285 1374 dantes
318 1332 604 1374 circumducto
638 1346 783 1386 cornu,
816 1347 900 1387 quo
933 1333 1156 1388 pepulerat
1188 1332 1366 1387 Sardos,
1403 1333 1582 1375 inclusit
1612 1333 1698 1375 Ro-

138 1406 302 1433 manus.
353 1391 500 1433 caedes
534 1391 632 1432 inde
665 1392 802 1447 magis
842 1406 970 1447 quam
1009 1406 1155 1448 pugna
1180 1393 1273 1434 fuit.
1325 1393 1547 1435 duodecim
1579 1392 1699 1434 milia
1714 1403 1756 1434 12

134 1450 326 1492 hostium
352 1465 488 1504 caesa,
521 1449 753 1492 Sardorum
780 1451 907 1492 simul
933 1451 1274 1507 Poenorumque,
1306 1451 1441 1494 ferme
1467 1452 1552 1494 tria
1579 1451 1699 1493 milia

136 1512 178 1551 et
210 1509 476 1565 septingenti
508 1510 623 1564 capti
655 1513 698 1550 et
731 1510 856 1564 signa
888 1510 1097 1552 militaria
1129 1516 1293 1565 septem
1326 1514 1368 1553 et
1399 1511 1566 1567 viginti.

253 1570 367 1610 Ante
399 1569 545 1610 omnia
585 1569 745 1610 claram
783 1572 825 1611 et
863 1570 1188 1611 memorabilem
1228 1584 1420 1626 pugnam
1458 1571 1559 1612 fecit
1590 1569 1701 1612 Has·
1715 1571 1769 1611 41

134 1627 288 1669 drubal
329 1628 566 1682 imperator
603 1631 753 1682 captus
793 1631 835 1669 et
873 1628 1031 1671 Hanno
1073 1634 1115 1670 et
1152 1629 1281 1685 Mago
1319 1629 1486 1671 nobiles
1520 1628 1700 1672 Cartha-

134 1687 363 1741 ginienses,
394 1686 523 1742 Mago
557 1701 607 1728 ex
640 1691 766 1742 gente
792 1686 989 1742 Barcina,
1022 1689 1265 1744 propinqua
1297 1689 1556 1745 cognatione
1582 1688 1697 1731 Han·
1721 1700 1740 1730 2

135 1825 239 1868 feroae
268 1829 392 1861 temere
418 1826 600 1870 proelium
624 1827 749 1862 inisset
759 1840 771 1868 ‚·
802 1827 880 1872 vgl.

136 1877 195 1915 41,
212 1876 265 1916 10,
282 1877 324 1907 13
346 1873 509 1908 contione
528 1874 723 1908 adveniens
741 1874 879 1909 habita.

183 1924 214 1955 5.
241 1919 326 1965 quo]
355 1920 468 1954 davor
489 1924 643 1965 erganze
663 1932 711 1955 eo.
733 1941 776 1945 —
795 1921 881 1956 Cor-

134 1968 238 2011 num]
283 1967 390 2001 Nom.
437 1967 595 2010 Cornus,
644 1966 800 2011 Κύρνος,
844 1970 882 2003 in

136 2014 202 2048 der
228 2014 336 2049 Mitte
361 2015 425 2049 der
440 2013 668 2058 Westkfiste,
694 2015 883 2060 Hauptort

136 2061 202 2095 der
252 2060 425 2105 Gegend,
483 2073 539 2097 wo
595 2062 654 2097 die
706 2063 883 2098 Schlacht

135 2108 329 2143 stattfand.

185 2159 216 2190 6.
243 2156 368 2190 classis
396 2155 514 2201 Pura]
542 2156 615 2201 vgl.
643 2156 735 2202 Kap.
757 2161 815 2201 32,
838 2161 880 2192 12

137 2203 213 2237 und
238 2206 300 2246 34,
330 2207 382 2239 16.
412 2223 454 2228 -
489 2214 569 2238 cum
601 2205 691 2239 duce
722 2204 882 2251 Hasdr]

138 2261 205 2284 vor
231 2250 296 2285 das
322 2249 534 2285 Relativum
562 2253 704 2295 gesetzt
735 2252 790 2287 als
816 2254 881 2287 At-

136 2296 256 2331 tribut
287 2310 331 2332 zu
363 2298 488 2332 classis
515 2297 610 2333 Pam.
639 2319 682 2324 —
709 2300 758 2334 ad
786 2311 882 2344 spem

135 2344 228 2390 reb.]
249 2356 311 2378 um
330 2345 388 2379 die
402 2344 592 2390 Hoffnung
612 2358 656 2380 zu
677 2347 881 2390 erwecken,

139 2391 204 2426 der
230 2390 415 2426 Ausetand
442 2392 562 2426 kenne
589 2393 776 2438 gelingen.

187 2453 219 2484 7.
245 2453 329 2495 post
354 2450 507 2496 samam]
535 2449 626 2494 Kap.
650 2456 680 2494 1,
708 2456 740 2496 3,
767 2453 883 2487 haufi-

138 2506 203 2541 ger
223 2498 272 2532 ad
290 2498 428 2540 famam
445 2499 489 2541 (z.
503 2497 543 2531 B.
560 2501 615 2541 21,
630 2502 687 2541 41,
702 2503 742 2541 3;
764 2504 819 2542 61,
835 2502 883 2543 4).

141 2564 183 2568 —
205 2544 263 2590 ea]
292 2545 531 2580 lateinischer
553 2545 882 2590 Sprachgebrauch

139 2592 184 2627 st.
210 2602 261 2634 eo,
288 2591 463 2627 dadurch.

187 2642 218 2673 8.
252 2644 494 2683 perventurus
526 2643 603 2674 erat
630 2666 636 2673 .
660 2668 666 2674 .
690 2669 696 2675 .
723 2641 779 2686 m]
815 2640 882 2676 Be-

139 2684 404 2731 dingungssatz
419 2687 482 2721 des
498 2686 656 2721 irrealen
671 2687 794 2722 Falles
815 2689 883 2723 mit

141 2731 295 2778 Coniug.
323 2733 546 2778 periphrast.
576 2734 649 2768 und
681 2734 795 2769 daher
824 2735 882 2769 In-

140 2778 284 2814 dikativ
300 2780 350 2814 im
364 2781 588 2826 Hauptsat23
606 2781 677 2826 vgl.
696 2785 751 2823 22,
767 2786 821 2825 60,
841 2786 881 2816 17

140 2827 293 2862 retinere
318 2830 440 2862 conati
464 2832 562 2870 sunt,
588 2829 629 2862 πί
653 2829 789 2864 strictis
807 2830 882 2873 yla-

140 2873 214 2907 diis
245 2875 316 2909 viri
351 2876 543 2918 fortissimi
582 2877 719 2911 inertes.
742 2877 882 2912 submo-

214 2939 318 2965 Livius
339 2941 372 2967 B.
387 2944 428 2967 23.

953 1829 1086 1863 vissent
1118 1827 1273 1873 (Drager
1301 1828 1346 1865 H.
1375 1828 1408 1864 S.
1438 1829 1505 1873 11²,
1533 1831 1627 1873 727).
1656 1849 1699 1854 —-

954 1875 1072 1921 obvio]
1094 1875 1146 1910 im
1165 1876 1378 1911 Deutschen
1397 1877 1435 1910 in
1456 1876 1516 1911 ein
1535 1875 1699 1911 Verbum

955 1934 999 1956 zu
1024 1923 1272 1958 verwandeln.

1004 1985 1036 2016 9.
1063 1982 1214 2028 obiecta]
1243 1982 1329 2017 weil
1355 1982 1407 2017 sie
1434 1981 1613 2017 einander
1638 1993 1699 2018 am

956 2028 1174 2064 Vorrficken
1187 2030 1343 2065 hindern
1357 2030 1508 2073 wollen3
1524 2031 1698 2075 gewohn·

956 2076 1075 2168 l2ighe33
1104 2081 1202 2112 ware
1235 2078 1380 2113 conlata
1412 2077 1502 2122 (vgl.
1536 2089 1581 2112 zu
1605 2076 1698 2123 Kap.

1003 2151 1222 2229 descensum]
1251 2183 1335 2228 Vgl.
1364 2196 1409 2218 zu
1433 2183 1525 2229 Kap.
1551 2188 1607 2229 29,
1634 2188 1667 2219 2.

1006 2245 1059 2276 10.
1086 2246 1204 2288 straye
1224 2254 1266 2278 ac
1289 2244 1315 2285 f.
1337 2242 1393 2289 S.]
1421 2243 1626 2279 Abstrakta
1652 2248 1697 2279 st.

955 2289 1146 2324 Konkreta
1160 2291 1248 2336 (vgl.
1263 2290 1355 2335 Kap.
1372 2295 1428 2332 36,
1444 2293 1496 2335 3):
1517 2292 1611 2335 „mit
1624 2291 1697 2326 nie-

955 2337 1257 2381 dergestreckten
1284 2338 1374 2373 oder
1396 2337 1605 2373 fliehenden
1626 2338 1697 2373 S.“.

1007 2401 1059 2430 11.
1093 2400 1193 2441 terga
1224 2396 1368 2442 dantes]
1402 2396 1567 2441 „fliehen
1599 2397 1698 2432 woll-

955 2444 1060 2486 ten“;
1096 2443 1293 2478 livianisch
1327 2444 1434 2488 (Kap.
1461 2448 1524 2489 46,
1551 2447 1604 2489 2);
1638 2445 1699 2479 bei

957 2489 1068 2525 Cesar
1094 2494 1194 2535 terya
1218 2495 1360 2526 vertere.

1006 2552 1058 2582 12.
1097 2549 1222 2594 ferme]
1263 2550 1422 2584 seltener
1459 2549 1519 2584 bei
1558 2550 1698 2585 runden

957 2594 1098 2630 Zahlen
1124 2596 1178 2629 als
1205 2597 1272 2638 ad;
1298 2596 1371 2641 vgl.
1394 2600 1460 2639 §4,
1485 2597 1578 2642 Kap.
1594 2601 1649 2640 44,
1667 2602 1698 2633 7.

1005 2689 1068 2724 41.
1111 2694 1139 2724 1.
1174 2694 1257 2725 ante
1283 2691 1420 2735 omnia]
1454 2693 1502 2733 (7,
1522 2695 1556 2734 4,
1577 2695 1614 2734 3;
1643 2696 1699 2736 21,

957 2740 1013 2779 49,
1040 2739 1078 2779 8,
1112 2741 1173 2780 24,
1202 2741 1241 2781 s,
1271 2743 1331 2780 143
1365 2741 1426 2780 25,
1455 2741 1515 2780 24,
1545 2742 1600 2781 13)
1627 2751 1699 2774 von

958 2784 1076 2818 einem
1117 2783 1280 2829 Vorzug,
1326 2784 1385 2820 ein
1425 2785 1701 2822 unklassischer

957 2830 1154 2866 Gebraucb
1180 2831 1245 2866 der
1265 2832 1415 2877 Prapos.
1437 2837 1530 2868 ante.
1551 2854 1597 2859 —
1616 2845 1700 2879 cap-

957 2878 1030 2922 tus]
1059 2878 1132 2924 vgl.
1160 2891 1204 2913 zu
1230 2878 1322 2924 Kap.
1350 2884 1405 2920 39,
1433 2884 1464 2914 4.

1397 2943 1415 2973 6
