1882 3163
642 116 788 152 LIBER
815 116 925 152 XXV.
967 115 1067 151 CAP.
1094 121 1148 151 23.
1625 115 1681 156 49

122 134 151 154 a.
172 127 239 154 Chr.
260 135 288 153 n.
309 127 368 153 212.

124 214 330 270 citusque,
362 214 570 256 intestina
602 214 730 255 etiam
760 213 1000 267 proditione
1033 212 1188 254 adiuta.
1237 226 1422 267 namque
1453 211 1679 254 Marcellus
1707 224 1727 255 2

123 274 249 316 initio
293 274 403 315 veris
447 274 653 327 incertus,
696 275 840 313 utrum
883 272 1170 327 Agrigentum
1215 272 1268 313 ad
1304 271 1590 313 Himilconem
1638 273 1681 313 et

124 332 419 387 Hippocraten
451 335 634 374 verteret
664 331 836 385 bellum,
869 346 924 373 an
949 330 1169 372 obsidione
1196 329 1425 386 Syracusas
1458 332 1680 385 premeret,

125 407 385 446 quamquam
416 406 492 434 nec
524 392 566 433 vi
597 390 692 445 capi
723 390 896 432 videbat
925 404 1051 444 posse
1083 390 1457 445 inexpugnabilem
1487 390 1682 431 terrestri
1707 403 1728 435 3

125 465 173 493 ac
198 451 415 493 maritimo
443 452 528 492 situ
554 451 704 492 urbem
735 463 813 491 nec
839 449 964 502 fame,
991 451 1039 489 ut
1064 463 1191 503 quam
1217 463 1348 503 prope
1380 449 1502 491 liberi
1529 464 1553 490 a
1579 447 1680 491 Car-

122 509 301 565 thagine
335 512 595 552 commeatus
628 509 810 562 alerent,
848 510 995 549 tamen
1032 522 1084 549 ne
1123 508 1224 562 quid
1257 508 1525 562 inexpertum
1556 508 1681 550 relin-

123 572 283 623 queret,
313 569 560 624 transfugas
588 567 881 622 Syracusanos
909 591 965 596 ——
991 569 1114 608 erant
1147 569 1288 608 autem
1322 567 1434 621 apud
1459 567 1680 610 Romanos

123 628 258 683 aliqui
288 628 546 670 nobilissimi
577 627 657 669 viri
688 627 802 668 inter
835 626 1116 668 defectionem
1149 626 1202 667 ab
1234 625 1461 680 Romanis,
1494 627 1591 681 quia
1625 627 1678 668 ab

121 687 246 729 novis
291 687 478 729 consiliis
523 686 829 740 abhorrebant,
872 685 984 740 pulsi
1022 709 1075 715 —
1116 685 1354 739 conloquiis
1400 700 1500 727 suae
1544 686 1681 740 partis

120 749 332 801 temptare
363 746 585 788 hominum
617 746 784 787 animos
816 745 941 787 iussit
972 746 1014 786 et
1044 744 1172 786 fidem
1204 744 1313 798 dare,
1346 745 1380 785 si
1411 745 1592 786 traditae
1618 745 1680 787 fo-

120 810 218 847 rent
250 804 494 861 Syracusae,
525 805 682 847 liberos
716 819 787 846 eos
821 819 869 846 ac
901 804 989 845 suis
1021 803 1188 859 legibus
1220 804 1409 845 victuros
1436 818 1540 846 esse.
1589 819 1677 847 non

122 867 215 906 erat
252 864 469 919 conloquii
506 864 648 920 copia,
687 864 786 918 quia
823 863 1055 905 multorum
1094 863 1225 904 animi
1263 862 1449 918 suspecti
1487 863 1680 906 omnium

120 938 267 965 curam
299 924 527 979 oculosque
560 926 873 978 converterant,
906 937 959 963 ne
992 921 1093 977 quid
1124 922 1294 964 falleret
1319 923 1406 964 tale
1433 922 1681 964 admissum.

123 997 270 1024 servus
303 997 412 1024 unus
445 983 618 1024 exulum
650 997 726 1037 pro
765 982 991 1037 transfuga
1022 982 1294 1023 intromissus
1326 982 1372 1023 in
1403 982 1551 1023 urbem
1584 996 1680 1024 con-

120 1042 260 1083 ventis
292 1042 439 1096 paucis
470 1042 643 1084 initium
675 1041 957 1096 conloquendi
990 1041 1040 1083 de
1082 1041 1160 1082 tali
1197 1055 1242 1082 re
1279 1041 1392 1084 fecit.
1454 1041 1599 1083 deinde
1635 1042 1682 1083 in

120 1100 354 1154 piscatoria
392 1101 562 1155 quidam
600 1115 708 1142 nave
746 1101 910 1142 retibus
955 1100 1093 1155 operti
1133 1099 1483 1155 circumvectique
1523 1100 1585 1142 ita
1627 1101 1681 1142 ad

121 1162 262 1202 castra
293 1159 489 1202 Romana
522 1160 820 1215 conlocutique
853 1175 950 1202 cum
981 1159 1235 1215 transfugis,
1274 1162 1315 1201 et
1351 1159 1478 1200 iidem
1511 1160 1680 1214 saepius

121 1219 269 1260 eodem
310 1219 435 1261 modo
475 1222 517 1260 et
555 1219 629 1261 alii
667 1223 794 1274 atque
834 1219 926 1273 alii3
964 1222 1181 1273 postremo
1223 1219 1275 1260 ad
1314 1219 1533 1274 octoginta
1564 1218 1681 1261 facti.

120 1280 163 1319 et
194 1292 289 1319 cum
327 1279 413 1320 iam
451 1279 690 1333 composita
728 1279 872 1321 omnia
909 1278 962 1320 ad
998 1278 1284 1333 proditionem
1323 1280 1481 1332 essent,
1522 1278 1678 1321 indicio

120 1336 261 1379 delato
302 1337 355 1379 ad
386 1337 605 1393 Epicyden
642 1353 718 1393 per
756 1338 951 1380 Attalum
991 1337 1220 1393 quendam,
1258 1337 1555 1393 indignantem
1594 1338 1677 1380 sibi

935 1465 1003 1499 Die
1036 1465 1266 1510 Auslassung
1303 1465 1367 1500 des
1403 1465 1674 1511 Reflexivpron.

935 1513 999 1551 (im
1031 1511 1115 1547 Dat.
1149 1513 1238 1547 oder
1274 1512 1344 1547 mit
1378 1512 1499 1558 Pr'ap.)
1537 1513 1587 1547 ist
1624 1513 1676 1547 im

934 1560 1014 1595 Lat.
1046 1560 1152 1594 nicht
1185 1560 1319 1602 selten,
1353 1572 1380 1595 z.
1408 1560 1448 1594 B.
1476 1561 1541 1604 24,
1572 1565 1627 1604 26,
1657 1565 1674 1596 1

120 1476 147 1500 s.
163 1476 206 1499 zu
220 1469 252 1507 4,
271 1467 343 1510 10>;
369 1466 528 1500 seltener
546 1465 584 1499 in
605 1465 778 1500 auderem
793 1465 858 1500 Ca-

120 1523 180 1546 sus
206 1512 281 1546 und
306 1512 345 1546 in
371 1513 525 1548 anderer
550 1513 682 1558 Folge,
711 1513 781 1548 wie
805 1518 862 1559 38,

122 1564 175 1594 10.
208 1560 268 1601 21,
294 1564 350 1602 41,
380 1565 421 1595 17
447 1562 502 1595 ‘cis
526 1562 718 1606 famemque.

167 1611 198 1642 2.
215 1608 397 1643 obsidione
406 1608 596 1654 premeret]
612 1608 771 1642 ‘weiter’
787 1608 861 1642 ein-

118 1654 360 1699 geschlossen
397 1655 526 1690 halten
565 1656 694 1690 sollte:
734 1655 861 1690 womit

118 1702 345 1746 angedeutet
364 1702 467 1744 wird,
489 1703 574 1737 dass
594 1702 642 1738 M.
665 1703 778 1737 daran
799 1714 861 1748 ge-

119 1748 233 1783 dac-ht
269 1750 335 1784 hat
372 1761 446 1784 von
477 1750 617 1785 seinem
648 1750 861 1793 Vorhaben,

118 1795 172 1830 als
200 1795 320 1831 einem
345 1796 593 1840 fruchtlosen,
627 1809 719 1843 ganz
754 1798 860 1832 abzu-

118 1843 250 1878 lassen.

164 1896 196 1925 3
241 1892 572 1938 inexpuynabzlem]
611 1892 731 1926 hierin
766 1892 862 1937 liegt

118 1937 200 1972 eine
220 1937 473 1984 Begrfindung
497 1951 540 1973 zu
566 1941 602 1974 vi
629 1942 686 1971 (=
711 1944 752 1974 ut
771 1951 861 1985 quae

115 1986 415 2031 meoepuqnabzlzs
450 1989 566 2031 esset),
600 1986 669 2021 wie
702 1987 739 2020 in
776 1987 859 2021 dem

118 2031 182 2066 Sat
167 2033 202 2066 tz
226 2038 267 2068 ut
291 2045 397 2078 quam
420 2062 426 2068 .
450 2062 456 2068 .
478 2035 613 2069 alerent
638 2045 680 2068 zu
706 2036 810 2077 fame.

162 2084 203 2114 ut
228 2081 352 2126 quarm]
384 2093 410 2115 s.
438 2093 480 2115 zu
509 2086 562 2124 13,
593 2086 645 2116 14.

163 2139 185 2161 α
208 2127 442 2174 Carthayiww]
465 2139 595 2173 wegen
609 2129 674 2163 der
689 2128 860 2173 Stellung

117 2185 143 2208 s.
171 2186 213 2208 zu
240 2179 271 2218 9,
299 2179 330 2209 2.

162 2226 193 2256 4.
228 2223 273 2257 ab
300 2222 494 2269 Romams]
528 2223 597 2257 mit
628 2225 857 2267 defectionem

116 2279 158 2302 zu
177 2269 391 2312 verbinden,
416 2270 521 2304 nicht
540 2271 609 2305 mit
628 2273 745 2316 pulsi,
771 2272 856 2305 wel-

116 2315 202 2350 ches
230 2334 274 2346 =
301 2318 387 2352 urbe
412 2319 553 2362 eoepulsi
579 2318 637 2353 ist.

162 2364 293 2408 forent]
311 2381 354 2393 =
369 2369 492 2407 essent,
514 2365 568 2399 oft
588 2365 647 2399 bei
663 2365 702 2399 L
676 2378 752 2409 nv„
772 2378 799 2400 z,
815 2366 855 2402 B.

116 2413 172 2451 24,
199 2414 229 2445 8.
264 2415 320 2452 26,
347 2416 378 2445 6.
411 2416 467 2454 37,
496 2416 555 2453 123
586 2412 645 2446 die
673 2412 781 2446 Form
807 2413 857 2447 ist

116 2467 200 2491 vom
221 2457 363 2491 Stamm
382 2459 425 2501 fu
445 2459 611 2502 gebildct
634 2462 674 2493 (s.
693 2471 734 2493 zu
752 2464 806 2503 12,
822 2463 855 2504 6)

116 2504 190 2538 und
205 2505 323 2539 lant-et
343 2505 602 2549 urspriinglich
621 2507 765 2550 fic-rem,
786 2507 855 2541 wie

115 2563 288 2587 ama-rem
314 2563 345 2586 u.
373 2563 405 2586 a.

165 2603 195 2634 5.
223 2600 484 2645 coowerterant]
512 2600 622 2634 ni'iml.
650 2601 687 2634 in
708 2611 755 2643 se,
783 2611 855 2634 wo-

116 2645 176 2680 bei
215 2646 281 2680 das
317 2647 478 2691 Zeugma
517 2650 621 2691 (man
661 2648 854 2681 erwartetc

117 2694 213 2727 etwa
226 2705 350 2729 curam
364 2696 649 2737 stimulaverunt,
671 2694 740 2729 wie
758 2699 811 2737 13,
825 2700 855 2737 7,

116 2751 246 2775 wovon
280 2741 344 2775 der
377 2742 460 2775 Satz
492 2755 535 2776 we
563 2770 568 2775 .
592 2770 597 2776 .
622 2743 761 2785 stillaret
794 2742 854 2776 ab·

115 2787 255 2833 hsmgig
266 2788 328 2833 ist)
342 2789 417 2822 und
430 2789 489 2823 die
504 2789 803 2833 [ingr-nauigkoit
814 2801 855 2822 zu

116 2834 297 2870 boachten
318 2836 377 2879 ist,
398 2836 458 2870 die
479 2836 515 2870 in
537 2836 601 2870 ‹lor
615 2836 856 2881 erbindung

116 2883 255 2917 animi
280 2885 428 2918 oculos·
459 2886 510 2928 (in
537 2895 584 2919 ἕω
618 2895 715 2919 conc.
751 2883 853 2928 liegt.

186 2948 242 2974 Tit,
265 2949 330 2975 Liv.
370 2950 402 2975 Β,
424 2951 464 2975 25.

933 1608 1095 1652 Zoippus
1116 1609 1334 1643 conscire-erat
1352 1609 1513 1651 exilium,
1540 1620 1574 1642 n.
1595 1609 1676 1643 sibi.

935 1656 994 1698 25,
1010 1660 1065 1698 36,
1085 1659 1125 1689 15
1148 1656 1247 1700 apud
1267 1656 1355 1690 civis
1374 1659 1518 1700 partem
1542 1657 1676 1691 doloris

937 1731 942 1737 .
966 1731 972 1737 .
988 1704 1139 1747 publica
1161 1704 1324 1738 trahebat
1345 1704 1473 1745 clades,
1500 1715 1534 1737 n.
1555 1704 1604 1738 ad
1622 1715 1676 1738 se:

934 1761 1002 1794 zog
1028 1762 1070 1783 zu
1098 1750 1177 1784 sich
1204 1749 1280 1793 hin,
1310 1750 1436 1784 ‘nahm
1459 1749 1518 1784 fiir
1538 1750 1618 1784 sich
1638 1750 1677 1784 in

934 1797 1156 1842 Anspruch’.
1192 1797 1366 1842 Haufiger
1386 1797 1535 1832 werden
1556 1799 1676 1832 trans-

933 1844 1024 1879 itive
1069 1844 1191 1878 Verba
1234 1845 1401 1879 dadurch
1450 1844 1675 1888 intransitiv,

934 1892 1017 1926 dass
1045 1892 1104 1926 ein
1124 1891 1356 1926 bestimmtes
1379 1891 1511 1936 object
1533 1892 1622 1927 oder
1640 1904 1676 1928 se

933 1951 975 1973 zu
991 1939 1250 1983 e1·g{inzenist;
1279 1938 1333 1973 oft
1355 1950 1393 1973 so
1414 1951 1549 1974 movere
1569 1945 1613 1983 (9,
1626 1941 1673 1984 8),

932 1992 1062 2022 vertere
1089 1989 1157 2031 (40,
1184 1990 1236 2030 2),
1266 1986 1339 2031 vgl.
1366 1987 1401 2029 3,
1431 1991 1484 2029 10,
1513 1992 1532 2021 6
1558 1991 1598 2022 ut
1618 1989 1674 2022 Μ’-

931 2035 984 2069 hil
1009 2035 1095 2069 odor
1122 2035 1271 2078 (carnis)
1297 2038 1450 2069 mutaret
1478 2033 1573 2068 ‘sich
1594 2046 1673 2068 ver-

932 2081 1111 2116 {inderte’.
1169 2081 1209 2123 5,
1236 2085 1298 2124 25,
1327 2086 1345 2116 6
1379 2082 1520 2125 praeda
1553 2093 1674 2117 rerum

930 2130 1144 2164 morente'wn
1190 2128 1468 2173 ‘beweglicher’
1516 2128 1671 2172 Sachen,

932 2176 1135 2221 eigcntlich
1158 2194 1201 2205 =
1221 2188 1256 2211 se
1280 2177 1494 2211 moventium
1514 2188 1548 2210 u.
1570 2187 1601 2211 a.
1623 2188 1672 2211 m.

977 2224 1133 2269 falleret]
1163 2235 1188 2258 S.
1216 2235 1259 2257 zu
1285 2227 1318 2267 9,
1345 2228 1364 2257 2

978 2272 1190 2317 admissum]
1213 2288 1256 2300 =
1277 2272 1514 2313 commisszng
1542 2270 1615 2316 vgl.
1638 2271 1672 2314 2,

930 2323 991 2361 37,
1019 2322 1038 2353 3
1074 2330 1147 2354 non
1181 2319 1377 2353 admissum.
1407 2319 1597 2362 quiequam
1627 2319 1672 2352 ab

928 2367 975 2401 iis
1007 2367 1239 2400 criminatum
1270 2366 1390 2407 venio,
1422 2366 1482 2399 sed
1513 2370 1673 2407 cautum,

929 2425 973 2448 ue
997 2414 1203 2448 admittant.

977 2465 1007 2495 6.
1040 2471 1136 2494 unus
1161 2459 1321 2504 excedunt]
1354 2469 1392 2492 so
1419 2458 1524 2492 nicht
1551 2458 1671 2493 selten

929 2506 988 2540 bvi
1010 2506 1098 2547 Liv.,
1120 2506 1215 2539 doch
1236 2506 1412 2550 hilufiger,
1440 2505 1508 2539 wie
1533 2505 1592 2539 bei
1615 2505 1671 2539 Ci-

930 2565 1024 2595 cero,
1039 2553 1107 2586 mit
1122 2564 1181 2594 ατς
1203 2565 1227 2587 s,
1244 2557 1262 2594 ξ
1277 2557 1327 2587 11.
1353 2558 1427 2594 6,1.
1444 2557 1500 2594 25,
1516 2557 1546 2587 3.
1569 2557 1624 2596 30,
1638 2557 1669 2587 2.

976 2600 1282 2646 circumvectique]
1309 2600 1419 2634 ni'tml.
1447 2611 1507 2633 uni
1531 2600 1671 2634 Achra-

930 2647 1016 2681 dina
1041 2647 1180 2690 herum,
1208 2647 1254 2680 da
1278 2647 1473 2681 Marasllus
1502 2647 1581 2680 svin
1602 2647 1669 2681 La-

929 2707 994 2739 gei·
1019 2695 1068 2728 im
1089 2694 1240 2729 Nordvn
1260 2694 1320 2728 bei
1345 2695 1427 2727 ‹lcm
1450 2694 1670 2739 Hexapylon

928 2743 1043 2776 hatte.
1090 2742 1140 2775 Zu
1167 2742 1237 2775 «len
1259 2741 1337 2775 (1τοί
1363 2741 1590 2786 Participien
1618 2741 1667 2776 ist

927 2794 1009 2824 sunt
1037 2801 1077 2822 zu
1106 2788 1261 2822 donken.

977 2841 1006 2871 7.
1040 2836 1244 2881 Epicyden]
1278 2836 1385 2870 nobs-t
1417 2835 1667 2881 Hippokrates

930 2884 1008 2927 (do-1·
1046 2883 1139 2917 nach
1177 2888 1195 2925 ξ
1228 2888 1247 2917 2
1276 2883 1369 2927 jctzt
1403 2883 1467 2917 mit
1501 2883 1667 2917 Himilko

1363 2947 1383 2976 4

1707 521 1731 552 4

1707 996 1727 1026 6
