1882 3163
606 111 752 147 LIBER
777 111 888 147 XXV.
930 111 1030 148 CAP.
1059 116 1113 147 33.
1143 116 1198 147 34.
1628 112 1683 153 67

122 113 148 150 ιζ
170 121 236 148 chr.
258 129 287 147 n.
310 123 371 148 212.

119 212 351 264 postquam
391 209 495 251 socii
534 223 611 250 nec
644 208 844 263 precibus
875 222 952 249 nec
990 208 1034 249 vi
1065 208 1242 249 retineri
1273 210 1492 262 poterant,
1533 222 1609 249 nec
1642 222 1687 251 se

122 271 196 310 aut
227 282 374 323 parem
407 269 500 310 sine
532 268 620 309 illis
651 267 770 309 hosti
803 281 895 308 esse
928 269 1003 308 aut
1028 267 1155 309 fratri
1180 281 1327 309 rursus
1355 267 1559 322 coniungi
1579 267 1687 309 vidit

119 341 247 381 posse
297 341 374 369 nec
418 327 554 368 ullum
601 326 718 368 aliud
759 326 947 367 salutare
986 326 1211 367 consilium
1252 327 1297 367 in
1337 329 1540 381 promptu
1581 339 1687 376 esse,

118 388 234 428 retro
267 388 476 440 quantum
506 387 655 440 posset
687 384 833 426 cedere
861 385 1026 438 statuit,
1058 385 1102 425 in
1135 385 1178 426 id
1212 385 1328 426 omni
1355 399 1456 426 cura
1481 385 1687 437 intentus,
1713 396 1732 425 9

118 445 272 487 necubi
298 445 414 487 hosti
440 459 575 499 aequo
597 459 641 485 se
662 443 950 486 committeret
975 443 1084 497 loco,
1110 444 1184 498 qui
1203 447 1501 500 transgressus
1526 444 1688 485 flumen

118 517 252 559 prope
283 504 481 559 vestigiis
515 503 765 545 abeuntium
797 502 1038 544 insistebat.

237 562 319 605 Per
345 562 517 605 eosdem
544 562 634 603 dies
654 561 702 603 P.
729 560 973 615 Scipionem
1000 575 1079 615 par
1103 563 1254 615 terror,
1286 562 1525 616 periculum
1544 561 1683 603 maius
1700 559 1757 602 34

119 621 172 663 ab
204 636 318 664 novo
350 622 474 663 hoste
511 621 707 676 urgebat.
767 620 1003 661 Masinissa
1041 622 1137 661 erat
1175 620 1362 675 iuvenis,
1403 635 1452 662 eo
1491 623 1685 675 tempore
1713 632 1732 660 ι’

118 680 258 723 socius
309 679 754 735 Carthaginiensium,
805 693 930 734 quem
978 679 1130 720 deinde
1178 680 1340 720 clarum
1380 682 1686 735 potentemque

116 738 314 782 Romana
351 739 455 781 fecit
494 739 695 780 amicitia.
745 738 781 779 is
822 741 915 780 tum
953 753 1049 780 cum
1088 739 1282 793 equitatu
1319 737 1606 780 Numidarum
1644 740 1687 779 et
1713 748 1733 779 3

118 798 364 840 advenienti
395 797 440 840 P.
473 796 663 852 Scipioni
696 798 881 840 occurrit
921 800 965 839 et
1002 797 1153 839 deinde
1186 797 1361 839 adsidue
1395 798 1484 839 dies
1515 800 1684 839 noctes-

117 872 196 912 que
235 857 420 899 infestus
466 857 631 911 aderat,
673 859 721 898 ut
757 871 846 898 non
887 870 1021 912 vagos
1065 859 1235 898 tantum
1275 857 1425 911 procul
1467 872 1492 898 a
1533 856 1684 898 castris
1711 866 1733 896 4

118 916 333 971 lignatum
365 916 701 971 pabulatumque
733 929 987 971 progressos
1020 916 1243 970 exciperet,
1277 916 1350 957 sed
1376 916 1482 971 ipsis
1510 915 1685 982 obequi-

117 978 234 1017 taret
264 975 416 1017 castris
448 976 727 1029 invectusque
765 975 811 1016 in
842 974 1004 1016 medias
1044 989 1170 1030 saepe
1203 975 1410 1017 stationes
1445 975 1590 1017 omnia
1619 974 1685 1014 in-

116 1035 233 1089 genti
264 1034 454 1076 tumultu
484 1034 693 1076 turbaret.
753 1034 954 1076 noctibus
988 1048 1155 1089 quoque
1182 1048 1308 1089 saepe
1333 1034 1506 1076 incursu
1534 1047 1683 1088 repen-
1711 1042 1730 1073 5

115 1093 209 1135 tino
253 1094 300 1134 in
343 1094 481 1147 portis
528 1093 728 1148 valloque
775 1093 1035 1147 trepidatum
1080 1096 1164 1146 est,
1210 1107 1290 1135 nec
1331 1095 1405 1134 aut
1445 1093 1564 1135 locus
1611 1095 1685 1133 aut

113 1155 286 1206 tempus
325 1152 462 1193 ullum
498 1166 681 1194 vacuum
721 1167 746 1193 a
782 1154 900 1193 metu
941 1167 989 1194 ac
1021 1152 1308 1194 sollicitudine
1340 1155 1432 1194 erat
1463 1151 1684 1205 Romanis,

117 1211 413 1265 compulsique
446 1211 563 1252 intra
595 1211 755 1252 vallum
795 1211 994 1266 adempto
1033 1225 1174 1252 rerum
1207 1211 1399 1253 omnium
1431 1226 1523 1252 usu.
1586 1225 1682 1252 cum
1709 1220 1729 1250 6

113 1283 247 1324 prope
286 1269 402 1311 iusta
435 1269 602 1311 obsidio
639 1273 751 1311 esset
780 1270 1055 1324 futuramque
1089 1271 1289 1312 artiorem
1323 1285 1417 1311 eam
1448 1271 1682 1325 appareret,

117 1329 154 1370 si
187 1343 231 1370 se
263 1328 480 1383 Indebilis,
512 1343 638 1383 quem
671 1343 767 1370 cum
801 1332 967 1383 septem
999 1330 1171 1371 milibus
1205 1332 1247 1370 et
1279 1330 1523 1384 quingentis
1558 1327 1681 1370 Sues-

115 1389 363 1430 setanorum
385 1387 617 1429 adventare
643 1387 760 1429 fama
785 1391 889 1442 erat,
914 1387 1068 1430 Poenis
1090 1388 1394 1443 coniunxisset,
1420 1388 1505 1430 dux
1530 1391 1680 1430 cautus
1708 1396 1727 1427 7

115 1449 157 1488 et
188 1446 419 1500 providens
447 1444 590 1501 Scipio
616 1446 756 1488 victus
781 1447 1108 1489 necessitatibus
1135 1448 1409 1489 temerarium
1441 1447 1558 1502 capit
1583 1461 1681 1489 con-

115 1505 270 1560 silium,
297 1508 345 1547 ut
369 1508 496 1548 noete
528 1505 712 1547 Indebili
745 1506 916 1548 obviam
941 1507 1024 1548 iret
1057 1509 1099 1548 et
1131 1521 1398 1562 quocumque
1427 1506 1683 1548 occurrisset

113 1565 227 1619 loco,
268 1564 480 1619 proelium
518 1567 771 1607 consereret.
833 1566 982 1607 relicto
1021 1565 1154 1620 igitur
1186 1565 1356 1608 modico
1389 1565 1604 1620 praesidio
1638 1565 1682 1605 in
1708 1571 1729 1603 8

162 1743 194 1774 8.
232 1744 427 1784 postquam
455 1767 461 1773 .
490 1767 496 1774 .
519 1741 712 1785 poterant]
754 1752 779 1774 s.
817 1752 859 1774 zu
933 1739 1069 1783 reiten,
1104 1740 1241 1775 darauf
1268 1741 1324 1775 los
1356 1740 1505 1784 reiten',
1544 1740 1614 1775 wie
1646 1742 1682 1784 9,

115 1791 176 1829 26,
206 1791 259 1821 15.

160 1832 220 1876 34,
243 1837 273 1868 2.
301 1833 507 1868 Masinissa
532 1834 624 1879 erat]
652 1834 727 1878 vgl.
751 1838 806 1877 19,
828 1839 858 1869 9.

114 1880 204 1914 Mas.
246 1891 322 1914 war
348 1879 448 1914 Sohn
480 1880 544 1914 des
571 1880 683 1923 Gala,
718 1880 859 1925 Konigs

115 1927 180 1962 der
204 1927 422 1970 Maesulier,
456 1927 490 1961 d.
517 1927 552 1961 h.
581 1928 646 1961 des
675 1927 860 1962 estlichen

114 1974 241 2009 Theils
266 1985 341 2008 von
366 1973 586 2017 Numidien‚
619 1974 781 2009 welcher
813 1986 860 2009 an

115 2022 180 2057 (las
219 2021 479 2066 carthagische
513 2021 648 2056 Gebiet
681 2022 858 2064 anstiess3

114 2069 180 2103 der
205 2068 342 2103 andere
368 2068 475 2103 Theil
504 2068 579 2113 (die
604 2068 858 2104 Masaesuliert

115 2116 273 2150 standen
306 2117 414 2150 unter
446 2116 512 2150 der
542 2116 762 2151 Herrschaft
794 2116 859 2150 des

115 2163 274 2244 Syphaxl.
333 2162 531 2197 Masinissa
568 2174 644 2197 war
675 2164 860 2208 ungef‘zihr

114 2214 158 2246 28
177 2210 198 2244 J
237 2221 259 2244 a
276 2212 303 2245 t.

161 2257 347 2339 3Romana]
377 2257 462 2292 ‘mit
488 2257 609 2292 Rom’.

162 2309 192 2339 3.
221 2305 391 2356 aderat]‘
397 2316 473 2338 war
493 2316 554 2338 zur
575 2304 706 2339 Stelle'
713 2305 856 2349 ,wobei

115 2350 174 2385 die
197 2350 430 2385 steundhche
452 2351 541 2385 oder
559 2334 763 2386 feindlic'he
784 2352 856 2387 Ab·

114 2397 211 2431 sicht
236 2397 474 2442 gewohnlich
501 2410 567 2432 aus
594 2398 679 2433 dem
709 2399 856 2434 Zusam-

112 2445 301 2489 menhang
315 2444 474 2479 erkannt
492 2445 602 2487 wird3
623 2445 705 2480 hier
723 2446 774 2480 ist
793 2446 859 2481 der

113 2491 373 2526 Deutlichkeit
398 2502 528 2536 wegen
553 2494 707 2535 infestas
733 2493 857 2538 beige-

110 2538 210 2584 ffigt,
250 2539 324 2583 vgl.
358 2539 423 2581 22,
453 2543 515 2580 32,
542 2543 562 2573 2
596 2540 858 2582 frumentatum

110 2587 256 2622 exeunti
275 2586 487 2621 Hannibali
509 2587 661 2622 diversis
688 2588 773 2622 locis
793 2589 856 2623 ad·

109 2638 214 2669 erant
258 2637 442 2678 carpentes
480 2645 608 2679 aymen
644 2635 857 2680 palatosque

110 2681 336 2726 concupientes.

158 2732 190 2762 4.
229 2728 468 2773 obequitaret]
508 2739 581 2762 von
617 2727 696 2762 Liv.
736 2731 856 2763 zuerst

110 2774 184 2808 und
206 2785 301 2809 zwar
323 2773 378 2809 oft
397 2774 614 2819 gebraucht,
639 2774 757 2809 heisst
778 2778 855 2810 ent—

111 2821 234 2856 weder
272 2822 474 2867 allgemein
515 2821 852 2867 ‘entgegenrciten'

111 2868 200 2902 oder
231 2867 282 2902 im
311 2868 539 2903 feindhchen
567 2868 679 2903 Sinne
710 2869 855 2904 ‘heran-

933 1792 990 1830 36,
1013 1791 1055 1822 10
1075 1792 1221 1832 postero
1243 1789 1301 1823 die
1321 1789 1539 1833 obequitavit
1558 1790 1681 1823 statio-

933 1836 1042 1869 nibus
1067 1836 1233 1870 hostium.

981 1886 1012 1915 5.
1039 1882 1222 1927 noctibus]
1244 1884 1339 1916 statt
1352 1886 1465 1925 nocte,
1485 1893 1547 1916 um
1561 1881 1682 1916 neben

932 1939 1037 1973 saepe
1071 1928 1319 1971 anzudeuten,
1365 1929 1450 1963 dass
1496 1929 1575 1963 sich
1621 1929 1681 1963 die

933 1975 1174 2010 n⁷tchtlichen
1199 1976 1365 2021 Angriffe
1398 1976 1680 2020 wiederholten,

934 2022 1019 2056 dass
1047 2022 1107 2057 die
1134 2023 1281 2058 Nachte
1310 2023 1473 2068 unruhig
1498 2035 1631 2058 waren.

981 2074 1015 2105 tt
1017 2071 1202 2115 epulatum
1237 2071 1304 2117 est]
1347 2071 1552 2105 ‘herrschte
1592 2070 1680 2105 Vei-

933 2117 1123 2161 wirr’.ung

980 2165 1236 2210 compulsique]
1268 2165 1431 2199 namlich
1461 2170 1562 2201 sunt.
1590 2165 1679 2199 ‘und

933 2212 988 2246 so’
1018 2212 1169 2247 wurden
1196 2213 1248 2246 sie
1272 2241 1277 2247 .
1302 2241 1308 2247 .
1333 2241 1339 2246 .

979 2260 1038 2294 acl.
1065 2271 1182 2294 reram
1209 2262 1369 2295 omnium
1394 2260 1479 2305 usa]
1519 2260 1581 2293 ‘an
1615 2259 1680 2292 der

931 2306 1182 2352 Beschaffung
1214 2307 1402 2352 jeglicher
1439 2305 1678 2340 Bediirfnisse

931 2353 1165 2397 gehindert’;
1194 2355 1268 2397 vgl.
1296 2354 1355 2397 24,
1384 2359 1414 2396 1,
1436 2357 1455 2387 2
1484 2353 1680 2388 Locrenses

929 2402 1150 2444 frumentwn
1177 2402 1346 2446 lignaque
1371 2405 1402 2435 et
1428 2404 1544 2435 cetera
1562 2410 1678 2434 neces-

929 2449 1032 2482 saria
1057 2449 1183 2482 usibus
1209 2459 1252 2482 esc
1278 2449 1379 2493 (tyris
1404 2449 1445 2481 in
1470 2448 1593 2482 urbem
1621 2458 1677 2481 ra-

925 2506 1020 2539 pere.

978 2546 1008 2576 6.
1036 2542 1137 2584 santa
1163 2542 1256 2587 erat]
1285 2554 1312 2576 S.
1340 2554 1382 2575 zu
1411 2546 1465 2584 17,
1492 2545 1523 2574 4.

981 2593 1011 2623 7.
1034 2590 1263 2623 temerarium
1283 2591 1382 2633 capit
1396 2589 1600 2629 consilium,
1622 2587 1675 2632 at]

929 2640 970 2670 ut
990 2646 1090 2669 muss
1112 2636 1254 2678 stehen,
1275 2647 1383 2671 wenn
1403 2636 1464 2671 bei
1486 2635 1678 2671 consilium

931 2682 990 2716 ein
1014 2682 1097 2726 Adj.
1121 2683 1224 2717 steht
1249 2683 1330 2725 (Ins.
1360 2684 1449 2718 oder
1475 2682 1564 2717 Gren.
1593 2680 1675 2714 Ger.

929 2730 979 2764 ist
993 2729 1030 2764 in
1048 2729 1188 2764 diesem
1210 2729 1312 2764 Falle
1333 2729 1675 2775 ausgeschlossen);

930 2776 1027 2811 doch
1040 2776 1142 2811 kann
1157 2782 1196 2812 ut
1210 2778 1304 2811 auch
1319 2778 1413 2811 nach
1427 2778 1510 2811 dem
1526 2776 1676 2810 blossen

929 2835 1022 2859 cons.
1063 2826 1168 2868 capio
1206 2824 1294 2858 oder
1331 2826 1411 2860 ineo
1449 2821 1677 2869 angewandt

930 2871 1093 2913 werden3
1125 2871 1197 2915 vgl.
1227 2876 1282 2915 37,
1312 2877 1364 2906 17.

1341 2930 1389 2964 3⁴
