1882 3163
144 82 175 100 a.
195 73 246 100 ch.
266 74 327 100 215.
661 63 807 97 LIBER
833 61 966 97 XXIII.
1021 62 1122 98 CAP.
1149 65 1205 97 34.
1661 61 1715 103 71

147 175 243 214 tum
273 171 416 226 fuerit,
446 171 704 225 pervenisse,
737 169 1016 224 Campaniam
1050 184 1249 225 superare
1275 171 1487 225 nequisse,
1520 172 1715 224 saeptam

150 232 342 273 hostium
367 229 607 285 praesidiis.
647 229 798 269 deinde
823 234 872 269 ut
892 228 1076 271 Punicus
1104 230 1243 271 cultus
1262 229 1520 284 habitusque
1547 243 1715 283 suspec-
1737 241 1758 272 6

151 295 219 332 tos
261 290 430 344 legatos
474 288 576 329 fecit
613 287 873 329 Hannibalis
918 288 1292 342 interrogatosque
1338 303 1477 330 sermo
1516 287 1717 342 prodidit,

149 352 245 391 tum
278 348 505 391 comitibus
533 361 678 388 eorum
711 346 896 387 seductis
930 361 978 387 ac
1010 351 1128 388 metu
1159 347 1321 388 territis
1353 347 1522 389 litterae
1548 361 1716 402 quoque
1737 358 1756 389 7

154 409 207 450 ab
240 407 484 449 Hannibale
511 406 564 446 ad
596 404 844 459 Philippum
877 405 1076 446 inventae
1103 408 1145 446 et
1171 408 1297 459 pacta
1323 406 1435 447 inter
1459 419 1606 460 regem
1626 405 1716 447 Ma-

152 467 363 508 cedonum
403 465 677 518 Poenumque
717 463 878 505 ducem.
929 464 1083 517 quibus
1129 465 1232 505 satis
1279 465 1465 518 cognitis
1505 465 1756 519 optimum8

151 526 290 567 visum
324 527 389 565 est
421 523 613 577 captivos
646 523 909 577 comitesque
943 536 1090 564 eorum
1117 521 1298 563 Romam
1332 523 1386 564 ad
1412 527 1609 565 senatum
1643 526 1717 565 aut

148 586 206 626 ad
236 583 445 636 consules,
477 582 730 647 ubicumque
758 584 913 633 essent,
945 595 1074 635 quam
1099 581 1287 635 plimum
1314 582 1553 636 depoiQtare
1594 582 1647 624 ad
1672 582 1715 623 id
1736 594 1756 625 9

149 642 396 684 celerrimae
430 641 616 706 quinque
648 655 776 681 naves
809 640 997 681 delectae
1031 655 1079 682 ac
1118 640 1162 682 L
1195 639 1395 682 Valerius
1428 641 1602 707 Antias,
1645 642 1718 696 qui

150 704 379 756 praeesset,
412 699 581 753 missus,
615 700 737 754 eique
770 699 1031 752 mandatum,
1062 702 1111 740 ut
1142 699 1188 740 in
1221 700 1359 741 omnis
1391 700 1513 741 navis
1546 701 1716 766 legatos

154 760 388 816 separatim
420 733 721 800 custodiendos
754 758 963 800 divideret
990 758 1194 812 daretque
1223 772 1411 812 operam,
1442 773 1496 800 ne
1524 759 1674 813 quod
1662 759 1716 801 iis

152 818 428 873 conloquium
461 818 575 859 inter
608 832 651 858 se
683 831 789 858 neve
823 832 931 872 quae
964 817 1295 859 communicatio
1329 818 1501 859 consilii
1533 822 1656 859 esset.

268 877 351 919 Per
381 878 494 918 idem
525 880 696 931 tempus
729 876 905 930 Romae,
939 890 1035 917 cum
1066 877 1118 918 A.
1145 874 1368 917 Cornelius
1402 876 1639 918 Mammula
1666 892 1715 918 ex
1733 888 1775 919 10

149 937 350 980 Sardinia
381 936 603 990 provincia
636 935 843 977 decedens
869 935 1120 989 rettulisset,
1152 936 1225 989 qui
1252 938 1390 976 status
1417 950 1556 977 rerum
1583 936 1626 977 in
1653 936 1716 977 111-

152 998 248 1039 sula
280 1002 394 1037 esset
425 995 606 1049 (bellum
640 1009 688 1036 ac
715 995 996 1036 defectionem
1025 995 1166 1036 omnis
1194 997 1406 1048 spectare3
1440 994 1487 1044 Q.
1514 994 1715 1049 Mucium,
1734 1006 1774 1036 11

154 1057 230 1111 qui
263 1054 538 1097 successisset
569 1054 664 1107 sibi,
705 1053 916 1109 gravitate
939 1053 1062 1095 caeli
1094 1068 1384 1109 aquarumque
1416 1054 1717 1096 advenientem

149 1118 386 1169 exceptum,
417 1128 505 1154 non
537 1117 627 1153 tam
659 1114 703 1153 111
735 1113 1022 1167 periculosum
1055 1127 1183 1167 quam
1215 1113 1393 1168 longum
1424 1113 1623 1154 morbum
1655 1114 1716 1154 in-

149 1174 368 1229 plicitum,
402 1172 474 1213 diu
508 1171 560 1212 ad
591 1172 693 1212 belli
725 1172 872 1213 munia
904 1171 1153 1213 sustinenda
1184 1172 1381 1213 inutilem
1412 1171 1521 1223 fore,
1560 1172 1716 1214 6116161-
1734 1184 1775 1214 12

151 1240 328 1288 tumque
361 1231 421 1272 ibi
454 1234 502 1272 ut
534 1231 639 1271 satis
673 1230 844 1272 firmum
870 1234 1048 1286 pacatae
1074 1231 1318 1297 provinciae
1344 1231 1582 1285 praesidem
1610 1245 1714 1285 esse,

143 1293 216 1334 ita
240 1306 393 1346 parum
420 1294 562 1344 aptum
587 1291 712 1345 bello,
746 1291 859 1346 quod
886 1293 1050 1333 motum
1076 1290 1128 1331 iri
1154 1288 1402 1346 videretur),
1435 1290 1714 1332 decreverunt
1733 1302 1773 1332 13

148 1354 308 1405 patres,
340 1354 388 1392 ut
420 1349 466 1398 Q.
499 1350 673 1391 Fulvius
705 1349 883 1392 Flaccus
917 1351 1105 1405 quinque
1138 1350 1257 1391 milia
1290 1349 1482 1416 peditum
1517 1349 1714 1404 quadrin-

147 1413 302 1465 gentos
335 1410 497 1464 equites
530 1410 744 1463 scriberet,
778 1424 953 1464 eamque
985 1409 1203 1464 legionem
1234 1409 1372 1463 primo
1407 1422 1575 1463 quoque
1608 1411 1713 1449 tem-

150 1484 255 1524 pore
288 1469 333 1510 in
368 1467 610 1510 Sardiniam
648 1469 928 1510 traiciendam
967 1471 1153 1521 curaret,
1195 1468 1468 1522 mitteretque
1508 1482 1603 1509 cum
1636 1468 1714 1508 im·
1732 1478 1775 1509 14

967 1609 1042 1643 und
1075 1608 1224 1643 seuchte
1250 1606 1391 1650 Klima;
1424 1606 1498 1652 vgl.
1526 1611 1582 1650 22,
1610 1611 1644 1651 2,
1672 1611 1712 1641 11

961 1657 1125 1701 palustri
1163 1656 1259 1690 eaelo
1296 1660 1472 1699 yram-ante
1511 1658 1632 1699 caput.
1671 1675 1715 1679 ——

149 1609 396 1654 angewendet
420 1609 536 1643 hatte.
564 1629 608 1633 —
637 1608 760 1652 Camp.
786 1619 892 1652 snpe-

147 1656 248 1702 rare]
275 1655 392 1690 durch
419 1656 455 1691 C.
483 1656 854 1690 hindurchkommen.

196 1708 228 1739 6.
263 1704 380 1738 cultus
405 1703 504 1749 hab]
531 1704 560 1737 T
565 1704 671 1738 racht
696 1704 770 1737 und
796 1702 893 1747 Phy-

150 1750 364 1796 siognomie.

198 1803 229 1833 7.
274 1803 367 1841 tum,
410 1800 507 1833 nach
551 1797 893 1842 vorausgehendem

154 1845 376 1880 Vordersatz
412 1846 482 1879 mit
512 1849 552 1879 ut
585 1845 654 1879 den
688 1844 894 1888 Hauptsatz

150 1892 364 1934 einleitend,
385 1893 454 1926 wie
475 1892 570 1927 &fter
588 1891 684 1927 nach
704 1902 783 1926 cnm
802 1891 890 1935 (vgl.

147 1940 242 1984 Kap.
272 1944 327 1982 11,
353 1941 401 1982 4).

196 1987 367 2032 seductis]
395 1985 463 2020 Die
484 1986 618 2020 Diener
637 1985 701 2020 der
721 1985 799 2020 drei
826 1997 890 2030 pu-

149 2033 303 2069 nischen
330 2033 541 2069 Gesandten
569 2032 720 2068 wurden
750 2032 892 2067 einzeln

153 2082 303 2116 vei-hort
328 2081 403 2115 und
429 2081 542 2114 durch
565 2080 794 2125 Androhung
820 2090 892 2114 von

152 2127 298 2163 Gewalt
323 2127 658 2172 eingeschfichtert.

194 2175 322 2220 pacta]
363 2175 597 2209 Substantiv:
635 2173 892 2209 Verabredun-

149 2234 237 2268 gen,
252 2226 309 2266 26,
323 2226 380 2265 24,
394 2227 436 2257 16
447 2226 560 2266 pacta
573 2233 653 2256 cum
667 2222 891 2256 Hannibale.

199 2274 229 2304 8.
257 2269 433 2315 captivos]
455 2286 499 2298 =
522 2269 768 2303 Macedonum
788 2273 893 2312 atque

154 2317 359 2351 Poenorum
385 2322 508 2360 captos
527 2317 660 2360 leyatos
680 2316 772 2359 Kap.
788 2319 844 2358 38,
863 2320 891 2350 1.

153 2384 195 2389 —-
217 2364 266 2397 ad
288 2363 400 2408 cons]
429 2363 495 2397 Die
517 2363 809 2408 Wiederholung
829 2363 894 2397 der

143 2410 300 2454 Prasios.
342 2409 486 2444 scheint
522 2410 627 2453 notig
662 2421 790 2454 wegen
829 2410 894 2444 der

151 2457 485 2492 Verschiedenheit
510 2457 574 2490 der
599 2457 732 2491 beiden
760 2457 857 2491 Orte.

201 2510 231 2540 9.
259 2504 408 2550 Ieyatos]
434 2503 516 2537 Ihre
545 2504 718 2538 weiteren
742 2503 892 2537 86111611-

150 2551 229 2586 sale
258 2551 404 2586 werden
430 2550 480 2584 im
507 2550 599 2593 Kap.
623 2554 667 2584 38
694 2551 844 2584 erzahlt.

202 2603 255 2633 10.
288 2597 472 2641 decedens]
504 2598 638 2631 ebenso
665 2601 720 2639 32,
750 2601 780 2638 7,
808 2602 829 2630 4
856 2597 892 2630 in

152 2645 217 2680 der
243 2645 461 2688 Bedeutung
493 2645 686 2678 ado-eniens
720 2643 807 2687 (vgl.
836 2648 892 2685 21,

152 2696 209 2734 51,
237 2696 274 2735 2;
301 2697 358 2734 41,
387 2696 441 2733 10,
466 2696 522 2734 13)
549 2693 639 2724 statt
667 2690 767 2724 eines
794 2690 892 2725 Part.

152 2738 247 2774 Pers.

204 2791 256 2820 11.
282 2786 458 2830 spectare]
480 2784 552 2829 vgl.
575 2797 615 2818 zu
638 2785 827 2827 I{.11›.6,4.
850 2804 893 2809 ——

149 2833 331 2877 gravitate
351 2844 377 2868 c.
393 2833 442 2876 α.]
465 2832 579 2866 durch
595 2832 660 2865 das
679 2830 893 2876 ungesunde

967 1703 1169 1748 acceptum]
1186 1701 1476 1746 „angegriffen“.
1498 1701 1713 1746 Eigentlich

968 1751 1152 1785 bedeuten
1180 1750 1239 1784 die
1261 1748 1388 1784 Worte
1416 1749 1526 1791 wohl,
1555 1760 1593 1782 er
1617 1749 1713 1783 habe

967 1797 1027 1831 bei
1059 1798 1178 1831 seiner
1203 1796 1371 1830 Ankunft
1396 1796 1477 1830 eine
1503 1806 1610 1830 nasse
1637 1795 1713 1830 und

968 1844 1116 1889 neblige
1143 1843 1359 1887 W'itterung
1385 1843 1649 1887 vorgefunden.

1012 1890 1238 1936 inplicitum]
1272 1890 1341 1924 mit
1366 1891 1406 1924 in
1432 1890 1614 1931 morbum,
1641 1889 1711 1924 wic

965 1938 1059 1982 Nep.
1081 1943 1112 1980 5,
1135 1943 1167 1981 3,
1187 1942 1209 1972 4
1234 1937 1310 1971 und
1338 1941 1391 1979 17,
1418 1941 1450 1978 8,
1477 1940 1514 1978 63
1542 1937 1711 1981 dagegen

965 1985 1054 2028 Kap.
1083 1989 1145 2027 40,
1174 1989 1191 2019 1
1220 1984 1295 2018 und
1324 1990 1359 2023 1.
1387 1988 1449 2027 31,
1478 1988 1497 2018 5
1532 1985 1601 2018 mit
1627 1983 1711 2017 dem

965 2032 1047 2067 Abl.
1074 2033 1213 2074 morbo,
1240 2032 1310 2066 wie
1337 2030 1439 2065 Caes.
1468 2032 1501 2065 b.
1529 2042 1559 2066 c.
1586 2035 1618 2073 3,
1648 2035 1710 2073 183

965 2080 1046 2114 hier
1072 2079 1196 2113 wurde
1224 2078 1289 2113 der
1314 2078 1397 2112 Abl.
1420 2077 1612 2112 vielleicht
1639 2088 1711 2112 we-

967 2138 1039 2172 gen
1073 2127 1137 2161 des
1170 2126 1501 2171 vorhergehenden
1533 2126 1714 2171 yravitate

968 2203 974 2208 .
992 2202 998 2208 .
1016 2202 1022 2208 .
1050 2177 1236 2217 exceptum
1262 2172 1484 2208 vermieden.

1018 2225 1069 2255 12.
1103 2221 1196 2255 satis
1221 2221 1283 2264 f..
1326 2220 1575 2264 .2>raesidem]
1608 2219 1713 2254 sta1k

966 2279 1090 2314 gcnug
1129 2280 1211 2302 zum
1250 2247 1406 2301 Schutze
1446 2266 1509 2300 der
1543 2267 1711 2308 Provinz,

967 2327 1073 2350 wenn
1109 2315 1194 2350 dort
1224 2314 1354 2349 Friede
1394 2314 1567 2348 herrsche
1603 2313 1711 2357 (Kap

1015 2390 1111 2454 ⁷quod
1142 2412 1276 2444 motum
1302 2409 1351 2443 iri
1383 2408 1454 2442 rid.
1461 2408 1474 2452 ]

968 2461 1023 2497 32,
1055 2461 1072 2490 7
1095 2457 1117 2489 f.

1018 2508 1069 2538 13
1100 2503 1139 2547 Q.
1162 2502 1336 2546 Fulvius]
1359 2501 1442 2545 Vgl.
1464 2500 1633 2544 Kap.32,
1659 2503 1711 2534 18.

1017 2554 1070 2583 14.
1098 2549 1334 2593 mitteretque]
1369 2548 1442 2582 Der
1473 2547 1713 2591 Stadtprator

967 2597 1091 2630 wurdc
1120 2596 1349 2640 beauftragt,
1384 2594 1504 2628 einem
1536 2594 1711 2639 geeigne-

968 2646 1029 2677 ten
1056 2643 1190 2676 Mannc
1219 2646 1326 2676 unter
1359 2641 1485 2675 seincn
1511 2642 1712 2685 Auspieien

968 2691 1034 2724 das
1062 2689 1260 2733 Imperium
1287 2701 1330 2723 zu
1356 2689 1595 2731 iibcrtragen;
1628 2699 1713 2722 man

969 2738 1164 2771 erwattetc
1196 2736 1377 2777 numlich,
1412 2735 1476 2769 der
1504 2734 1636 2768 Prator
1670 2734 1711 2776 Q.

968 2783 1111 2817 Mucius
1139 2783 1260 2817 werde
1294 2782 1381 2817 bald
1414 2781 1550 2815 wieder
1583 2782 1713 2826 herge-

969 2829 1072 2865 stellt
1099 2830 1195 2874 scin,
1230 2830 1305 2864 und
1332 2829 1496 2864 vermied
1523 2839 1559 2863 es
1587 2829 1712 2872 daher,

1508 2407 1591 2451 Vgl.
1620 2406 1711 2451 Kap.
