1882 3163
151 132 203 173 16
668 134 815 169 LIBER
840 134 989 170 XXIIII.
1029 134 1130 169 CAP.
1157 135 1189 169 8.
1495 150 1520 168 a.
1545 151 1574 169 u.
1600 151 1624 169 c.
1650 145 1713 171 539.

147 243 222 282 aut
251 242 297 281 id
326 241 486 282 bellum
518 256 696 296 eumque
728 241 898 283 hostem
929 242 1195 296 haberemus,
1226 242 1271 283 in
1301 255 1384 295 quo
1413 241 1711 297 neglegentiae

146 300 282 340 laxior
306 300 425 341 locus
454 303 576 353 esset,
611 301 681 355 qui
709 302 863 342 vestris
891 301 1057 355 studiis,
1084 315 1191 356 quae
1217 301 1263 341 in
1289 314 1488 354 campum
1514 301 1568 342 ad
1592 316 1711 343 man-

147 358 322 412 dandos,
355 359 508 413 quibus
534 359 688 414 velitis,
719 360 904 402 honores
935 360 1127 414 adfertis,
1159 374 1326 401 moram
1359 359 1495 401 ullam
1528 360 1712 415 offerret,

147 419 184 458 is
216 418 322 458 mihi
353 433 503 470 parum
536 419 784 460 meminisse
815 419 1029 460 videretur
1062 423 1220 460 vestrae
1251 418 1480 472 libertatis3
1513 418 1587 460 sed
1616 434 1711 461 cum

146 476 191 516 in
224 476 304 518 hoc
336 477 464 528 bello,
497 478 541 518 in
572 477 653 518 hoc
685 478 809 519 hoste
840 493 1076 534 numquam
1103 479 1156 519 ab
1183 478 1271 519 ullo
1299 477 1403 519 duce
1429 478 1521 519 sine
1546 478 1712 533 ingenti

145 538 296 576 nostra
322 536 439 578 clade
473 538 660 577 erratum
693 537 761 592 sit,
793 537 940 578 eadem
965 552 1041 579 vos
1069 552 1181 587 cura,
1213 551 1296 591 qua
1322 537 1367 577 in
1394 536 1529 577 aciem
1556 538 1712 579 armati

147 594 415 648 descenditis,
448 595 556 637 inire
587 595 841 651 suffragium
868 597 920 638 ad
946 596 1150 638 creandos
1178 596 1372 637 consules
1400 595 1530 650 decet,
1561 598 1604 637 et
1629 596 1712 638 sibi

147 654 207 695 sic
240 668 449 708 quemque
482 654 620 696 dicere
654 654 906 697 ‘Hannibali
939 655 1191 709 imperatori
1216 669 1362 708 parem
1390 656 1609 696 consulem
1634 669 1711 696 no-

147 712 294 754 mino'.
343 713 424 754 hoc
445 728 558 754 anno
581 714 633 755 ad
655 713 846 768 Capuam
867 714 1057 756 Vibellio
1079 714 1282 768 Taureae,
1303 712 1521 768 Campano
1544 729 1710 756 summo

146 772 290 826 equiti,
322 773 576 826 provocanti
604 787 794 814 summus
821 773 1041 815 Romanus
1069 788 1197 828 eques
1221 772 1393 814 Asellus
1415 772 1619 815 Claudius
1647 775 1712 815 est

147 831 382 885 oppositus.
445 831 646 873 adversus
686 832 855 873 Gallum
895 832 1111 887 quondam
1152 834 1458 886 provocantem
1496 833 1540 873 in
1579 834 1711 886 ponte

145 889 324 931 Anienis
357 889 410 931 T.'
435 890 645 931 Manlium
676 890 881 932 fidentem
913 894 955 932 et
987 891 1130 932 animo
1164 893 1205 931 et
1236 891 1399 932 viribus
1432 891 1586 932 misere
1625 906 1712 932 ma-

146 949 256 989 iores
295 950 443 990 nostri.
507 949 684 990 eandem
723 964 896 990 causam
934 950 1049 991 haud
1087 950 1233 990 multis
1273 950 1396 990 annis
1439 952 1538 1004 post
1578 950 1711 991 fuisse

145 1022 232 1048 non
263 1008 522 1062 negaverim,
555 1023 629 1049 cur
658 1008 715 1049 M.
743 1008 918 1049 Valerio
945 1023 1033 1050 non
1065 1008 1328 1049 diffideretur
1360 1009 1563 1050 adversus
1597 1009 1711 1050 simi-

145 1066 243 1107 liter
274 1069 583 1120 provocantem
623 1082 741 1108 arma
780 1068 967 1121 capienti
1001 1067 1172 1109 Gallum
1209 1066 1262 1108 ad
1295 1070 1524 1109 certamen.
1587 1082 1711 1122 quem

147 1126 199 1166 ad
232 1126 406 1166 modum
438 1126 602 1180 pedites
635 1127 882 1181 equitesque
916 1129 1118 1181 optamus
1150 1129 1198 1167 ut
1223 1126 1462 1179 validiores,
1496 1126 1531 1167 si
1556 1127 1712 1181 minus,

145 1187 192 1224 ut
224 1199 347 1238 pares
380 1184 497 1225 hosti
524 1184 773 1239 habeamus,
804 1186 865 1226 ita
892 1186 987 1227 duci
1014 1185 1204 1227 hostium
1229 1200 1377 1239 parem
1408 1185 1712 1240 imperatorem

146 1257 413 1297 quaeramus.
475 1258 591 1294 cum,
623 1245 695 1298 qui
728 1246 792 1285 est
825 1259 1016 1286 summus
1048 1245 1094 1286 in
1127 1245 1298 1286 civitate
1331 1244 1431 1297 dux,
1471 1242 1567 1286 eum
1599 1245 1712 1299 lege-

144 1303 290 1355 rimus,
322 1305 468 1343 tamen
499 1306 675 1357 repente
707 1304 860 1357 lectus,
895 1304 940 1345 in
973 1318 1133 1344 annum
1167 1305 1334 1344 creatus
1368 1304 1570 1345 adversus
1602 1306 1712 1344 vete-

145 1376 235 1402 rem
262 1376 310 1402 ac
336 1364 591 1415 perpetuum
614 1362 917 1416 imperatorem
945 1363 1274 1416 comparabitur,
1300 1363 1429 1403 nullis
1449 1377 1586 1418 neque
1605 1365 1712 1404 tem-

965 1491 1048 1533 den,
1075 1490 1194 1525 damit
1217 1491 1276 1525 die
1302 1489 1573 1535 gleichartigen
1592 1490 1710 1525 Rede-

965 1538 1080 1572 theile
1107 1538 1201 1581 (hier
1227 1538 1285 1572 die
1308 1538 1420 1581 Part.)
1447 1537 1507 1571 bei
1534 1537 1712 1572 einander

966 1585 1114 1620 stehen:
1136 1585 1216 1619 eine
1230 1585 1291 1619 bei
1305 1585 1406 1619 alten
1420 1584 1711 1619 Schriftstellern

965 1632 1070 1666 nicht
1105 1632 1222 1666 selten
1254 1631 1517 1666 erscheinende
1548 1631 1711 1666 absicht-

964 1679 1061 1713 110110
1082 1679 1323 1723 Anordnung,
1343 1678 1412 1713 wie
1433 1681 1528 1720 320:
1549 1679 1711 1722 exempla

195 1488 231 1524 S.
273 1492 302 1524 1.
331 1489 453 1523 laxior
479 1490 592 1533 locus]
619 1490 678 1524 ein
708 1490 893 1525 ‘weiterer

146 1535 389 1579 Spielraum’3
422 1536 474 1570 im
501 1536 752 1581 eigentlichen
780 1537 891 1572 Sinne
916 1549 918 1551 “

144 1583 272 1617 laxare
299 1587 331 1627 7,
353 1587 390 1625 53
418 1584 642 1627 fibertragen
663 1585 758 1618 auch
778 1584 837 1628 10,
859 1588 891 1628 5,·

145 1634 164 1663 6
192 1631 317 1664 {ascum
342 1631 502 1674 spatium
534 1630 585 1664 im
613 1631 819 1675 Gegensatz
847 1644 891 1666 zu

143 1678 323 1712 modicum
348 1678 518 1721 spatium.

192 1729 223 1758 2.
262 1724 337 1769 sed]
371 1725 467 1759 nach
492 1724 816 1769 voraufgehenden
842 1725 889 1760 ir-

143 1771 269 1805 realen
290 1770 657 1806 Condicionals'atzen
679 1772 728 1806 ist
748 1773 808 1807 die
827 1785 890 1807 zur

144 1817 411 1853 Wirklichkeit
444 1819 785 1854 him'iberfi'ihrende
817 1820 889 1854 Ad-

143 1865 470 1910 versativpartikel
503 1866 563 1900 bei
588 1867 628 1900 L.
663 1870 765 1901 sonst
798 1868 889 1902 stets

142 1924 252 1957 nune,
280 1913 363 1947 dem
385 1913 522 1958 griech.
547 1913 618 1947 νῦν
639 1912 693 1956 δέ,
719 1925 890 1949 unserem

146 1960 236 1993 ‘nun
262 1960 368 2003 aber,
401 1971 441 1994 so
471 1960 573 1994 aber'
609 1962 889 2005 entsprechend.

189 2008 262 2041 sibi
287 2008 340 2041 sic
365 2007 550 2052 quemque]
580 2007 695 2042 durch
723 2008 881 2042 (11οΕ111-

144 2054 342 2097 schaltung
366 2065 438 2088 von
464 2056 516 2089 sic
541 2054 635 2088 wird
661 2054 739 2089 dies
762 2056 888 2089 Wort-

144 2101 246 2143 chen,
267 2101 338 2135 wie
353 2101 448 2135 auch
468 2102 617 2146 quisque
635 2102 706 2136 mit
725 2103 888 2137 starkem

142 2147 368 2181 Nachdruck
394 2148 583 2184 versehen.

189 2195 352 2238 1101111110]
402 2195 568 2239 ‘schlage
605 2196 699 2238 vor’,
739 2196 887 2230 obwohl

143 2241 182 2275 L.
218 2241 336 2275 dieses
364 2241 524 2275 Verbum
558 2242 761 2276 vereinzelt
791 2243 887 2276 auch

142 2288 201 2322 fiir
236 2288 411 2322 ‘wahlen’
447 2288 659 2330 anwendet,
698 2301 727 2324 z,
753 2288 793 2324 B.
828 2289 888 2323 bei

143 2335 366 2378 Gesandten‚
392 2334 491 2369 beim
517 2336 692 2377 Interrex,
718 2335 889 2370 Dictator

143 2382 219 2416 und
245 2382 420 2426 Magister
447 2382 625 2426 equitum.

191 2433 223 2464 5.
261 2440 335 2463 11011
361 2429 577 2473 neyavem‘m]
611 2440 649 2464 so
681 2429 757 2463 und
788 2430 889 2464 haud

144 2477 333 2510 abnuerim
354 2476 425 2518 oft;
455 2476 493 2510 L.
520 2476 670 2511 mildert
689 2477 804 2511 selbst
824 2477 888 2511 das

145 2534 190 2556 an
209 2523 286 2557 sich
301 2523 416 2557 sehon
435 2523 677 2558 beseheidene
697 2525 797 2558 haud
815 2525 888 2558 seio

145 2582 193 2603 an
220 2570 397 2604 zuweilen
423 2570 538 2605 durch
562 2571 634 2604 den
656 2570 889 2614 potentialen

145 2616 365 2659 Conjunctiv
386 2630 430 2651 zu
449 2618 550 2653 haud
567 2619 680 2652 seiam
700 2619 887 2662 011(οὃοη-

147 2674 185 2697 so
214 2663 365 2707 Cicero).

187 2711 458 2757 provocantem]
487 2711 546 2746 die
561 2712 887 2756 zusammengeho-

146 2758 282 2792 renden
308 2758 437 2792 Worte
459 2762 714 2802 provocantem
740 2759 887 2793 Gallum

147 2803 229 2837 sind
261 2804 375 2839 durch
407 2805 465 2839 die
492 2806 549 2840 W.
583 2817 687 2840 arma
718 2807 888 2850 capienti,

146 2850 285 2884 welche
318 2851 508 2886 ihrerseits
540 2852 609 2886 mit
640 2853 688 2887 ad
713 2856 889 2887 certamen

147 2908 191 2929 zu
221 2897 423 2932 verbinden
455 2898 552 2942 sind,
592 2901 764 2943 getrennt
797 2910 887 2934 wor-

965 1746 1004 1750 —
1042 1727 1091 1760 ad
1121 1726 1394 1770 praecavendas
1431 1726 1564 1760 similes
1600 1726 1711 1760 utilia

963 1773 1091 1807 clades.
1131 1773 1191 1817 10,
1222 1777 1278 1816 46,
1300 1777 1321 1806 4
1345 1773 1526 1816 frequenti
1545 1773 1710 1816 publico-

962 1831 1044 1854 rum
1081 1824 1216 1855 ornatu
1254 1821 1426 1862 locorum
1472 1819 1538 1863 44,
1571 1823 1633 1864 28,
1666 1823 1710 1854 15

962 1868 1096 1911 viginti
1121 1868 1275 1902 eoeimz'ae
1300 1878 1405 1911 equos
1429 1867 1578 1909 formae.

1011 1919 1042 1949 6.
1065 1914 1244 1960 optamus]
1261 1914 1613 1958 zwischengestellt3
1631 1914 1707 1959 vgl.

1010 2020 1112 2052 quem
1133 2009 1182 2043 ad
1197 2007 1356 2053 modum]
1383 2020 1452 2042 nur
1478 2008 1542 2042 des
1579 2008 1709 2043 Wohl-

960 2055 1094 2100 klangs
1109 2067 1238 2100 wegen
1253 2057 1346 2090 statt
1365 2059 1406 2089 ut
1425 2056 1600 2099 gewahlt‚
1621 2055 1706 2090 weil

961 2102 1060 2136 (11030
1079 2103 1244 2137 Partikel
1270 2103 1359 2136 kurz
1384 2102 1575 2136 hinterher
1593 2102 1706 2146 folgt;

961 2149 1096 2184 ebenso
1111 2149 1172 2192 21,
1188 2153 1241 2192 13,
1264 2153 1283 2183 5
1310 2160 1411 2193 quem
1428 2150 1477 2183 ad
1496 2150 1639 2183 modum
1666 2152 1707 2183 ut

960 2196 1074 2230 victor
1092 2197 1164 2238 fert
1183 2196 1389 2239 Hannibal,
1409 2196 1462 2230 sic
1480 2206 1541 2230 vos
1560 2199 1601 2230 ut
1619 2196 1707 2230 victi

961 2243 1137 2277 audiatis.

1010 2293 1040 2324 7.
1067 2290 1191 2323 ducem
1210 2301 1245 2323 u.
1266 2289 1531 2334 imperatorem]
1548 2289 1617 2324 wie
1638 2294 1657 2331 ξ
1673 2294 1705 2331 6,

962 2336 1026 2370 der
1059 2336 1335 2380 Abwechslung
1373 2336 1504 2370 halber
1541 2337 1707 2371 zweimal

961 2383 1337 2428 zusammengestellt.

1009 2431 1182 2475 emmaus]
1211 2430 1290 2464 hier
1315 2442 1384 2464 nur
1409 2441 1480 2464 von
1501 2430 1566 2464 der
1586 2430 1707 2464 Tfich-

961 2477 1108 2521 tigkeit,
1136 2478 1201 2512 der
1229 2477 1416 2522 ‘gi-osste’,
1446 2477 1515 2511 wie
1542 2481 1573 2520 9,
1604 2481 1657 2511 11.

1008 2524 1132 2569 lectus]
1155 2527 1256 2559 sonst
1275 2525 1409 2567 (neben
1435 2525 1589 2568 creatus)
1610 2524 1705 2558 auch

961 2572 1123 2606 delectus.

1008 2619 1049 2652 111
1068 2618 1222 2663 annum]
1244 2630 1312 2652 nur
1326 2629 1430 2652 wenn
1445 2617 1510 2651 das
1528 2617 1705 2652 deutsche

964 2665 1052 2699 ‘ein’
1081 2665 1143 2699 bei
1169 2665 1549 2709 Zeitbestimmungeu
1580 2663 1620 2697 in
1644 2664 1705 2698 be-

962 2712 1111 2746 sonders
1145 2712 1325 2746 scharfem
1358 2711 1561 2755 Gegensatz
1594 2711 1704 2754 steht,

960 2759 1052 2793 wird
1091 2758 1287 2793 lateinisch
1318 2768 1415 2792 unus
1450 2757 1704 2802 hinzugefiigt,

961 2816 1000 2839 so
1030 2810 1083 2849 13,
1112 2810 1142 2840 9.
1174 2810 1226 2848 14,
1257 2809 1310 2840 10.

1008 2853 1279 2896 comparabitur
1305 2851 1491 2897 adversus]
1518 2851 1568 2885 ist
1592 2862 1704 2896 unge-

960 2911 1033 2934 nau
1064 2901 1196 2944 gesagt
1228 2900 1335 2942 (statt
1360 2901 1452 2942 cum)
1479 2915 1522 2927 =
1552 2898 1704 2943 ‘gegen-
