1882 3163
105 132 134 152 a.
157 125 224 151 chr.
246 133 274 151 n,
297 125 358 151 212.
633 116 776 152 LIBER
803 116 915 151 XXV.
956 116 1056 153 CAP.
1084 121 1140 154 3⁶2.

1619 116 1675 158 65

112 213 261 267 copias
294 213 618 255 coniunxerunt.
673 213 735 254 ibi
768 213 994 254 consilium
1027 213 1296 267 advocatum,
1329 214 1603 268 omniumque
1629 213 1675 254 in
1701 224 1722 254 ‘2

111 285 244 313 unum
277 275 569 327 congruerunt
601 272 858 326 sententiae,
890 272 1058 326 quando
1093 272 1144 313 ad
1178 273 1221 314 id
1253 273 1445 314 locorum
1471 272 1514 314 id
1547 273 1673 315 modo

112 333 256 372 actum
289 334 418 385 esset,
450 334 497 372 ut
528 330 843 372 Hasdrubalem
874 331 1122 372 tendentem
1154 331 1199 372 in
1230 331 1404 373 Italiam
1430 332 1676 387 retinerent,

109 391 281 443 tempus
315 404 407 431 esse
439 389 482 430 id
515 390 601 430 iam
634 390 722 444 agi,
761 391 809 429 ut
846 389 1009 430 bellum
1041 390 1087 430 in
1118 389 1333 443 Hispania
1364 391 1568 432 finiretur.

113 448 217 489 satis
264 448 317 489 ad
358 448 402 490 id
443 449 599 489 virium
640 447 873 490 credebant
915 449 1144 489 accessisse
1184 448 1341 503 viginti
1381 449 1502 490 milia
1544 448 1673 491 Celti-

111 506 314 548 berorum
360 521 411 549 ea
454 506 594 548 hieme
633 506 685 548 ad
727 520 846 547 arma
888 506 1038 548 excita.

111 568 248 606 erant.
308 565 556 607 Hasdrubal
595 564 799 620 Gisgonis
839 564 953 606 filius
993 568 1035 606 et
1071 565 1202 620 Mago
1242 567 1483 608 coniunctis
1523 568 1674 609 castris

112 624 300 680 quinque
333 625 467 666 ferme
499 624 662 665 dierum
694 625 775 665 iter
807 624 860 664 ab
889 623 1097 665 Romanis
1126 625 1316 667 aberant.
1377 627 1554 680 propior
1585 629 1676 667 erat

111 682 374 725 Hamilcaris
406 684 517 725 filius
548 682 814 736 Hasdrubal,
852 685 974 724 vetus
1007 682 1053 724 in
1085 682 1300 738 Hispania
1332 684 1582 740 imperator3
1623 686 1676 727 ad

112 742 263 783 urbem
303 742 477 784 nomine
516 741 762 797 Amtorgim
802 742 1035 783 exercitum
1072 741 1273 784 habebat.

111 801 232 854 prius
265 801 451 855 opprimi
483 801 610 842 duces
643 800 848 854 Romani,
887 803 930 842 et
970 815 1067 856 spes
1107 803 1199 842 erat
1237 802 1341 843 satis
1381 817 1590 857 superque
1623 803 1677 844 ad

111 860 155 900 id
195 860 349 901 virium
389 874 499 902 esse:
538 860 613 901 illa
644 860 840 901 restabat
875 874 995 913 cura,
1033 874 1087 901 ne
1124 860 1221 902 fuso
1262 875 1311 902 eo
1349 862 1536 915 perculsi
1569 863 1678 903 alter

59 942 67 954 ι
111 917 359 960 Hasdrubal
393 921 435 960 et
460 918 592 974 Mago
625 919 669 960 in
703 920 823 960 avios
857 919 992 960 saltus
1020 922 1274 974 montesque
1302 920 1556 974 recipientes
1584 935 1676 963 sese

112 977 272 1018 bellum
305 978 590 1019 extraherent.
653 978 865 1032 optimum
896 978 1031 1033 igitur
1068 979 1153 1019 rati
1192 978 1340 1020 divisis
1373 979 1573 1021 bifariam
1609 994 1675 1021 co-

112 1036 195 1090 piis
227 1037 361 1078 totius
395 1037 523 1078 simul
555 1036 792 1091 Hispaniae
826 1037 1026 1091 amplecti
1058 1037 1216 1078 bellum
1247 1038 1309 1079 ita
1340 1038 1452 1080 inter
1490 1053 1534 1080 se
1573 1039 1676 1080 divi-

113 1098 279 1149 serunt,
310 1098 360 1137 ut
391 1095 436 1137 P.
469 1094 693 1137 Cornelius
725 1096 830 1137 duas
863 1097 1008 1149 partes
1042 1096 1250 1138 exercitus
1281 1096 1580 1139 Romanorum
1613 1112 1678 1139 so·

113 1154 362 1209 ciorumque
395 1154 599 1196 adversus
625 1153 856 1210 Magonem
890 1154 1060 1196 duceret
1092 1158 1219 1210 atque
1239 1155 1567 1210 Hasdrubalem,
1600 1155 1677 1198 Cn.

115 1212 339 1254 Cornelius
367 1228 463 1255 cum
489 1214 618 1254 tertia
643 1216 765 1267 parte
791 1214 946 1255 veteris
975 1215 1184 1255 exercitus
1209 1212 1436 1256 Celtiberis
1464 1216 1677 1257 adiunctis

113 1286 211 1313 cum
243 1271 516 1314 Hasdrubale
549 1271 732 1314 Barcino
772 1272 932 1314 bellum
971 1275 1149 1327 gereret.
1211 1288 1296 1315 una
1333 1274 1517 1328 profecti
1549 1274 1676 1317 ambo

116 1331 242 1372 duces
277 1332 572 1386 exercitusque
606 1330 834 1373 Celtiberis
867 1332 1264 1386 praegredientibus
1304 1333 1357 1374 ad
1396 1333 1545 1375 urbem
1577 1333 1678 1374 Am-

113 1390 275 1444 torgim
312 1390 358 1431 in
398 1393 630 1445 conspectu
669 1390 859 1432 hostium
898 1390 1125 1432 dirimente
1164 1392 1281 1432 amni
1320 1394 1486 1446 ponunt
1524 1395 1677 1434 castra.

112 1449 174 1490 ibi
213 1447 291 1491 Cn.
333 1447 476 1504 Scipio
516 1464 612 1491 cum
652 1449 806 1504 quibus
845 1452 944 1490 ante
989 1449 1148 1491 dictum
1188 1453 1253 1491 est
1290 1451 1424 1505 copiis
1465 1451 1676 1506 substitit3

113 1507 158 1549 P.
192 1506 336 1562 Scipio
369 1508 588 1563 profectus
622 1509 675 1550 ad
708 1508 969 1550 destinatam
1001 1509 1103 1549 belli
1135 1512 1311 1563 partem.

110 1648 303 1692 imperium
365 1648 481 1682 durch
542 1647 857 1682 Yolksbeschluss

932 1648 996 1682 der
1030 1647 1207 1683 Zuwachs
1243 1660 1291 1682 an
1324 1648 1590 1684 Streitkriifteu
1616 1662 1678 1695 ge-

112 1694 339 1740 fibertragen
360 1695 422 1731 sei.
466 1695 514 1728 Es
535 1695 585 1729 ist
606 1695 722 1729 daher
742 1694 857 1728 wahr-

931 1695 1115 1730 kommen.
1161 1695 1230 1730 Die
1258 1695 1463 1731 Celtiber-er
1488 1708 1613 1731 waren
1639 1697 1676 1731 in

114 1741 338 1785 scheinlich‚
373 1742 458 1777 dass
491 1742 557 1777 der
588 1742 720 1776 Ausdr.
750 1743 857 1786 impe-

111 1793 214 1825 rator
238 1800 411 1834 ungenau
431 1790 596 1834 gewahlt
616 1789 689 1823 und
712 1788 858 1823 Gnaeus

114 1848 183 1870 nur
208 1836 328 1881 Legat
354 1836 474 1871 seines
500 1837 660 1871 Bruders
688 1847 860 1880 gewesen

114 1883 174 1918 ist.
225 1883 377 1919 Publius
405 1885 487 1928 sagt
514 1884 580 1926 21,
607 1889 669 1925 40,
697 1889 735 1918 3:
762 1894 858 1918 exer-

114 1932 208 1966 citus
245 1932 298 1966 ibi
335 1943 412 1966 cum
447 1933 561 1974 fratre
595 1931 657 1965 Cn.
692 1931 861 1975 Scipione

113 1979 220 2013 meis
252 1979 479 2023 auspiciis
510 1990 579 2013 rem
613 1979 722 2024 9erit,
756 1978 790 2012 d.
823 1978 858 2012 h.

116 2025 254 2060 ‘unter’
283 2025 444 2059 meinem
470 2025 612 2059 Bruder
632 2024 778 2059 Gnaeus
804 2025 859 2059 als

114 2072 275 2107 meinem
302 2072 589 2106 Stellvertreter.

163 2123 194 2153 2.
234 2121 275 2154 in
310 2131 420 2154 mnam
454 2120 713 2165 comm-uerunt]
755 2131 781 2153 s.
818 2130 860 2152 zu

113 2170 170 2209 35,
199 2170 230 2201 6.

163 2215 212 2248 acl
236 2214 276 2248 inl
302 2214 474 2259 locorum]
503 2225 529 2247 s.
558 2225 599 2247 zu
629 2218 682 2255 19,
713 2218 765 2248 11.

163 2262 357 2296 tendentem
380 2262 420 2295 in
433 2261 600 2306 Italiam]
623 2261 688 2295 der
702 2260 862 2304 Auftrag

115 2307 242 2341 hierzu
273 2318 350 2341 war
381 2308 465 2342 dem
497 2307 708 2342 Hasdrubal
746 2307 862 2342 sehon

117 2353 285 2398 sogleich
329 2354 427 2388 nach
471 2354 536 2389 der
580 2354 757 2389 Schlacht
800 2354 862 2389 bei

117 2400 265 2435 Cannae
299 2401 451 2435 ertheilt
483 2402 650 2444 worden3
684 2401 743 2435 die
770 2402 862 2435 Aus-

115 2447 280 2492 ffihrung
300 2448 424 2481 wurde
441 2449 538 2482 noch
553 2448 742 2483 femerhin
761 2449 862 2482 meh-

115 2506 196 2530 rere
221 2494 332 2529 Jahre
361 2495 585 2529 verhindert.

166 2547 303 2587 tempus
346 2543 437 2587 esse]
493 2543 554 2576 ‘es
603 2542 656 2577 sei
704 2553 750 2576 an
798 2542 864 2576 der

121 2588 211 2633 Zeit,
239 2589 293 2623 sei
318 2589 416 2623 hohe
445 2589 553 2632 Zeit’,
580 2591 672 2624 stets
698 2589 768 2623 mit
794 2589 861 2623 Inf.

119 2636 210 2671 oder
235 2636 322 2671 Acc.
351 2649 379 2670 c.
408 2636 470 2670 inf.
499 2636 739 2677 construiert,
767 2648 793 2669 z.
823 2636 862 2670 B.

119 2683 179 2726 21,
207 2688 262 2726 54,
289 2689 309 2718 2
335 2695 434 2719 mmo
460 2694 609 2728 corpora
634 2695 762 2718 curare
782 2688 862 2718 tem-

113 2741 188 2775 pus
213 2735 272 2765 est.

168 2782 200 2812 3.
226 2779 360 2823 viginti
381 2779 483 2813 milia
506 2778 560 2823 C.]
579 2777 804 2823 Apposition
822 2788 864 2810 zu

119 2825 210 2859 satis
240 2826 390 2867 viriuom
424 2825 599 2859 deutsch:
633 2836 670 2859 es
705 2824 757 2860 sei
793 2824 861 2858 ‘in’

122 2870 227 2914 (oder
249 2871 362 2916 ‘mit’)
390 2872 461 2906 den
483 2871 573 2906 Celt.
597 2871 657 2907 ein
677 2875 863 2917 genfigen-

190 2936 248 2962 Tit.
270 2937 335 2964 Liv.
377 2938 409 2963 Β.
430 2940 471 2963 25.

933 1741 1023 1777 Sold
1048 1753 1292 1787 genommene
1318 1743 1604 1789 Hiilfstruppen.

978 1790 1112 1835 excita]
1140 1802 1166 1825 s
1195 1802 1237 1824 zu
1262 1795 1318 1833 22,
1347 1795 1377 1826 7.

980 1842 1011 1872 5.
1039 1837 1257 1883 Amtoryim]
1280 1838 1340 1872 die
1361 1837 1462 1883 Lage
1483 1838 1548 1872 der
1569 1838 1678 1873 Stadt

933 1884 982 1917 ist
993 1884 1227 1926 unbekannt3
1248 1886 1343 1919 eben
1358 1896 1397 1919 so
1413 1885 1601 1930 ungewiss
1614 1887 1679 1921 der

933 1936 951 1973 ξ
979 1935 998 1965 9
1027 1931 1214 1965 erwahnte
1242 1931 1348 1966 Fluss
1378 1932 1588 1976 (vielleicht
1614 1933 1679 1968 der

932 1978 1085 2022 Baetis).

982 2030 1012 2059 6.
1033 2037 1112 2069 spes
1131 2030 1208 2061 erat
1227 2028 1317 2061 satis
1334 2055 1340 2061 .
1356 2055 1362 2060 .
1383 2027 1471 2073 esse]
1494 2038 1522 2061 s.
1538 2039 1579 2061 zu
1598 2032 1629 2070 6,
1646 2031 1678 2062 2.

982 2077 1013 2107 7.
1041 2074 1208 2117 amplecti
1229 2074 1372 2119 belhan]
1401 2074 1482 2108 eine
1504 2074 1590 2108 sehr
1609 2075 1679 2109 sel—

933 2121 1020 2153 tene
1058 2119 1304 2165 Verbindung
1341 2122 1457 2157 <nach
1495 2121 1679 2166 Analogie

935 2178 1007 2200 von
1020 2168 1158 2210 studia,
1178 2172 1287 2203 artem
1310 2170 1477 2213 amplecti
1496 2168 1679 2214 gebildet)

936 2231 979 2242 =
1006 2213 1078 2247 ‹len
1104 2214 1219 2259 Krieg
1249 2214 1289 2248 in
1321 2227 1415 2259 ganz
1443 2216 1502 2261 Sp.
1537 2216 1575 2249 iu
1607 2216 1679 2250 den

935 2260 1091 2295 Bereich
1118 2261 1217 2296 ihrer
1237 2262 1457 2307 Thatigkeit
1476 2275 1518 2296 zu
1539 2263 1679 2297 ziehen.

983 2313 1015 2343 8.
1048 2308 1226 2355 Barcino]
1262 2309 1362 2344 Sohn
1395 2310 1459 2344 des
1485 2310 1681 2344 Hamilkar

935 2354 1076 2389 Bai-kas
1104 2358 1162 2399 (=
1192 2356 1346 2399 ‘Blitz’)‚
1376 2357 1472 2391 nach
1499 2357 1680 2390 welchem

936 2402 996 2436 die
1028 2404 1141 2445 factio
1167 2403 1351 2445 Barcina,
1386 2403 1445 2437 die
1472 2403 1679 2437 Pati-ioten—

938 2449 1027 2483 oder
1047 2449 1304 2493 Kriegspartei
1331 2450 1367 2483 in
1393 2449 1591 2493 Carthago,
1618 2450 1679 2484 be-

936 2497 1052 2529 nannt
1079 2507 1170 2538 wal-3
1199 2498 1291 2531 eben
1312 2508 1352 2531 so
1379 2502 1435 2539 39,
1466 2502 1517 2532 13.

987 2547 1038 2576 10.
1078 2553 1155 2577 cum
1189 2545 1319 2587 quibus
1351 2549 1435 2579 arete
1465 2545 1598 2579 (Iictmn
1631 2548 1681 2579 est

936 2589 1064 2634 copiis]
1086 2589 1182 2623 nach
1198 2590 1428 2635 Auslassung
1442 2591 1506 2625 des
1522 2590 1679 2625 Demon-

937 2635 1295 2680 strativpronomcns
1316 2638 1365 2672 ist
1386 2638 1451 2671 das
1466 2637 1680 2672 Rclativum

937 2682 1005 2716 mit
1021 2683 1086 2717 der
1099 2682 1207 2728 Prap.
1223 2685 1448 2727 verbunden,
1463 2685 1523 2718 die
1539 2685 1679 2729 eigent-

939 2729 1013 2763 lich
1041 2730 1147 2764 nicht
1172 2743 1214 2764 zu
1235 2731 1386 2774 diesemv
1414 2732 1573 2766 sondorn
1599 2743 1679 2766 zum

937 2776 1145 2813 Demonstr.
1173 2779 1322 2821 gehort3
1351 2779 1429 2813 also
1458 2796 1500 2808 =
1527 2791 1604 2813 cum
1634 2780 1680 2813 iss

937 2825 1062 2867 copiesJ
1083 2836 1173 2868 quas
1191 2831 1273 2860 ante
1286 2827 1447 2860 <lirinens
1468 2825 1598 2869 (durch
1613 2825 1679 2860 das

938 2870 1038 2904 Pass.
1072 2873 1205 2907 (lictum
1239 2877 1289 2908 est
1321 2873 1368 2907 ist
1403 2873 1462 2906 die
1489 2873 1681 2907 Anschau-

1375 2937 1394 2966 5

1632 393 1675 432 et
1701 402 1721 431 3

1105 506 1296 548 hostium
1336 511 1423 549 tres
1466 508 1674 550 exercitus
1702 519 1723 549 4

1702 637 1722 667 5

1336 757 1433 785 eum
1472 744 1677 786 volebant
1703 756 1723 785 0

1708 1466 1748 1497 10
