<?xml version="1.0" encoding="UTF-8"?>
<!DOCTYPE html PUBLIC "-//W3C//DTD XHTML 1.0 Transitional//EN"
    "http://www.w3.org/TR/xhtml1/DTD/xhtml1-transitional.dtd">
<html xmlns="http://www.w3.org/1999/xhtml" xml:lang="en" lang="en">
 <head>
  <title>
</title>
<meta http-equiv="Content-Type" content="text/html;charset=utf-8" />
  <meta name='ocr-system' content='tesseract 3.04.00' />
  <meta name='ocr-capabilities' content='ocr_page ocr_carea ocr_par ocr_line ocrx_word'/>
</head>
<body>
  <div class='ocr_page' id='page_1' title='image "./aburbeconditalib21livyuoft/aburbeconditalib21livyuoft_0097.png"; bbox 0 0 1882 3163; ppageno 0'>
   <div class='ocr_carea' id='block_1_1' title="bbox 608 98 1666 141">
    <p class='ocr_par' dir='ltr' id='par_1_1' title="bbox 608 98 1666 141">
     <span class='ocr_line' id='line_1_1' title="bbox 608 98 1666 141; baseline 0.007 -7"><span class='ocrx_word' id='word_1_1' title='bbox 608 99 753 134; x_wconf 84' lang='lat' dir='ltr'>LIBER</span> <span class='ocrx_word' id='word_1_2' title='bbox 773 99 869 134; x_wconf 84' lang='lat' dir='ltr'>XXI.</span> <span class='ocrx_word' id='word_1_3' title='bbox 914 98 1018 135; x_wconf 88' lang='lat' dir='ltr'>CAP.</span> <span class='ocrx_word' id='word_1_4' title='bbox 1045 103 1101 135; x_wconf 88' lang='lat'>39.</span> <span class='ocrx_word' id='word_1_5' title='bbox 1614 100 1666 141; x_wconf 77' lang='grc'>77</span> 
     </span>
    </p>
   </div>
   <div class='ocr_carea' id='block_1_2' title="bbox 100 206 1708 440">
    <p class='ocr_par' dir='ltr' id='par_1_2' title="bbox 100 206 1708 440">
     <span class='ocr_line' id='line_1_2' title="bbox 101 206 1667 263; baseline -0.003 -11"><span class='ocrx_word' id='word_1_6' title='bbox 101 213 297 252; x_wconf 82' lang='lat' dir='ltr'>moverat</span> <span class='ocrx_word' id='word_1_7' title='bbox 328 208 550 250; x_wconf 83' lang='lat' dir='ltr'>Hannibal</span> <span class='ocrx_word' id='word_1_8' title='bbox 582 207 951 263; x_wconf 83' lang='lat' dir='ltr'>Taurinorumque</span> <span class='ocrx_word' id='word_1_9' title='bbox 990 222 1121 249; x_wconf 89' lang='lat' dir='ltr'>unam</span> <span class='ocrx_word' id='word_1_10' title='bbox 1154 208 1323 262; x_wconf 87' lang='lat' dir='ltr'>urbem,</span> <span class='ocrx_word' id='word_1_11' title='bbox 1362 210 1492 263; x_wconf 86' lang='lat' dir='ltr'>caput</span> <span class='ocrx_word' id='word_1_12' title='bbox 1526 206 1667 263; x_wconf 84' lang='lat' dir='ltr'>gentis</span> 
     </span>
     <span class='ocr_line' id='line_1_3' title="bbox 101 266 1669 324; baseline -0.002 -14"><span class='ocrx_word' id='word_1_13' title='bbox 101 269 209 324; x_wconf 90' lang='lat' dir='ltr'>eius,</span> <span class='ocrx_word' id='word_1_14' title='bbox 250 268 352 324; x_wconf 90' lang='lat' dir='ltr'>quia</span> <span class='ocrx_word' id='word_1_15' title='bbox 393 267 541 310; x_wconf 85' lang='lat' dir='ltr'>volens</span> <span class='ocrx_word' id='word_1_16' title='bbox 581 267 626 308; x_wconf 91' lang='lat' dir='ltr'>in</span> <span class='ocrx_word' id='word_1_17' title='bbox 659 266 898 308; x_wconf 74' lang='lat' dir='ltr'>amicitiam</span> <span class='ocrx_word' id='word_1_18' title='bbox 929 281 1016 308; x_wconf 90' lang='lat' dir='ltr'>non</span> <span class='ocrx_word' id='word_1_19' title='bbox 1047 267 1264 322; x_wconf 84' lang='lat' dir='ltr'>veniebat,</span> <span class='ocrx_word' id='word_1_20' title='bbox 1306 267 1349 308; x_wconf 86' lang='lat' dir='ltr'>vi</span> <span class='ocrx_word' id='word_1_21' title='bbox 1382 268 1669 321; x_wconf 80' lang='lat' dir='ltr'>expugnarat3</span> 
     </span>
     <span class='ocr_line' id='line_1_4' title="bbox 100 325 1708 370; baseline -0.004 0"><span class='ocrx_word' id='word_1_22' title='bbox 100 342 148 370; x_wconf 83' lang='lat' dir='ltr'>ac</span> <span class='ocrx_word' id='word_1_23' title='bbox 179 328 391 369; x_wconf 81' lang='lat' dir='ltr'>iunxisset</span> <span class='ocrx_word' id='word_1_24' title='bbox 423 327 507 368; x_wconf 88' lang='lat' dir='ltr'>sibi</span> <span class='ocrx_word' id='word_1_25' title='bbox 538 340 625 368; x_wconf 91' lang='lat' dir='ltr'>non</span> <span class='ocrx_word' id='word_1_26' title='bbox 658 331 775 368; x_wconf 82' lang='lat' dir='ltr'>metu</span> <span class='ocrx_word' id='word_1_27' title='bbox 809 325 950 367; x_wconf 87' lang='lat' dir='ltr'>solum</span> <span class='ocrx_word' id='word_1_28' title='bbox 984 326 1058 366; x_wconf 84' lang='lat' dir='ltr'>sed</span> <span class='ocrx_word' id='word_1_29' title='bbox 1091 325 1222 367; x_wconf 86' lang='lat' dir='ltr'>etiarn</span> <span class='ocrx_word' id='word_1_30' title='bbox 1254 326 1482 368; x_wconf 80' lang='lat' dir='ltr'>voluntate</span> <span class='ocrx_word' id='word_1_31' title='bbox 1516 325 1667 367; x_wconf 83' lang='lat' dir='ltr'>Gallos</span> <span class='ocrx_word' id='word_1_32' title='bbox 1688 332 1708 363; x_wconf 88' lang='lat'>5</span> 
     </span>
     <span class='ocr_line' id='line_1_5' title="bbox 101 384 1667 440; baseline -0.003 -11"><span class='ocrx_word' id='word_1_33' title='bbox 101 387 266 430; x_wconf 81' lang='lat' dir='ltr'>accolas</span> <span class='ocrx_word' id='word_1_34' title='bbox 293 385 420 440; x_wconf 90' lang='lat' dir='ltr'>Padi,</span> <span class='ocrx_word' id='word_1_35' title='bbox 445 386 490 427; x_wconf 91' lang='grc'>111</span> <span class='ocrx_word' id='word_1_36' title='bbox 517 400 589 427; x_wconf 90' lang='lat' dir='ltr'>eos</span> <span class='ocrx_word' id='word_1_37' title='bbox 617 385 1016 440; x_wconf 81' lang='lat' dir='ltr'>circumspectantis</span> <span class='ocrx_word' id='word_1_38' title='bbox 1043 384 1296 426; x_wconf 88' lang='lat' dir='ltr'>defectionis</span> <span class='ocrx_word' id='word_1_39' title='bbox 1322 388 1495 440; x_wconf 80' lang='lat' dir='ltr'>tempus</span> <span class='ocrx_word' id='word_1_40' title='bbox 1522 385 1667 426; x_wconf 86' lang='lat' dir='ltr'>subito</span> 
     </span>
    </p>
   </div>
   <div class='ocr_carea' id='block_1_3' title="bbox 101 444 807 499">
    <p class='ocr_par' dir='ltr' id='par_1_3' title="bbox 101 444 807 499">
     <span class='ocr_line' id='line_1_6' title="bbox 101 444 807 499; baseline -0.004 -11"><span class='ocrx_word' id='word_1_41' title='bbox 101 447 287 488; x_wconf 84' lang='lat' dir='ltr'>adventu</span> <span class='ocrx_word' id='word_1_42' title='bbox 320 445 470 487; x_wconf 89' lang='lat' dir='ltr'>consul</span> <span class='ocrx_word' id='word_1_43' title='bbox 504 444 807 499; x_wconf 88' lang='lat' dir='ltr'>oppressisset.</span> 
     </span>
    </p>
   </div>
   <div class='ocr_carea' id='block_1_4' title="bbox 869 443 1709 498">
    <p class='ocr_par' dir='ltr' id='par_1_4' title="bbox 869 443 1709 498">
     <span class='ocr_line' id='line_1_7' title="bbox 869 443 1709 498; baseline -0.004 -13"><span class='ocrx_word' id='word_1_44' title='bbox 869 446 912 485; x_wconf 89' lang='lat' dir='ltr'>et</span> <span class='ocrx_word' id='word_1_45' title='bbox 942 443 1163 485; x_wconf 87' lang='lat' dir='ltr'>Hannibal</span> <span class='ocrx_word' id='word_1_46' title='bbox 1203 444 1340 486; x_wconf 87' lang='lat' dir='ltr'>movit</span> <span class='ocrx_word' id='word_1_47' title='bbox 1372 459 1421 486; x_wconf 81' lang='lat' dir='ltr'>ex</span> <span class='ocrx_word' id='word_1_48' title='bbox 1454 443 1668 498; x_wconf 85' lang='lat' dir='ltr'>Taurinis,</span> <span class='ocrx_word' id='word_1_49' title='bbox 1688 452 1709 482; x_wconf 83' lang='lat'><strong>6</strong></span> 
     </span>
    </p>
   </div>
   <div class='ocr_carea' id='block_1_5' title="bbox 99 502 1667 559">
    <p class='ocr_par' dir='ltr' id='par_1_5' title="bbox 99 502 1667 559">
     <span class='ocr_line' id='line_1_8' title="bbox 99 502 1667 559; baseline -0.002 -12"><span class='ocrx_word' id='word_1_50' title='bbox 99 505 304 559; x_wconf 83' lang='lat' dir='ltr'>incertos,</span> <span class='ocrx_word' id='word_1_51' title='bbox 343 518 450 559; x_wconf 89' lang='lat' dir='ltr'>quae</span> <span class='ocrx_word' id='word_1_52' title='bbox 489 518 588 558; x_wconf 81' lang='lat' dir='ltr'>pars</span> <span class='ocrx_word' id='word_1_53' title='bbox 627 503 845 558; x_wconf 86' lang='lat' dir='ltr'>sequenda</span> <span class='ocrx_word' id='word_1_54' title='bbox 883 505 1015 557; x_wconf 87' lang='lat' dir='ltr'>esset,</span> <span class='ocrx_word' id='word_1_55' title='bbox 1055 502 1205 544; x_wconf 85' lang='lat' dir='ltr'>Gallos</span> <span class='ocrx_word' id='word_1_56' title='bbox 1243 507 1516 558; x_wconf 74' lang='lat' dir='ltr'>praesentem</span> <span class='ocrx_word' id='word_1_57' title='bbox 1549 517 1667 545; x_wconf 85' lang='lat' dir='ltr'>secu-</span> 
     </span>
    </p>
   </div>
   <div class='ocr_carea' id='block_1_6' title="bbox 99 566 532 606">
    <p class='ocr_par' dir='ltr' id='par_1_6' title="bbox 99 566 532 606">
     <span class='ocr_line' id='line_1_9' title="bbox 99 566 532 606; baseline -0.005 0"><span class='ocrx_word' id='word_1_58' title='bbox 99 568 221 606; x_wconf 77' lang='lat' dir='ltr'>turos</span> <span class='ocrx_word' id='word_1_59' title='bbox 263 577 356 605; x_wconf 85' lang='lat' dir='ltr'>esse</span> <span class='ocrx_word' id='word_1_60' title='bbox 398 566 532 605; x_wconf 88' lang='lat' dir='ltr'>ratus.</span> 
     </span>
    </p>
   </div>
   <div class='ocr_carea' id='block_1_7' title="bbox 603 562 1708 617">
    <p class='ocr_par' dir='ltr' id='par_1_7' title="bbox 603 562 1708 617">
     <span class='ocr_line' id='line_1_10' title="bbox 603 562 1708 617; baseline -0.002 -14"><span class='ocrx_word' id='word_1_61' title='bbox 603 562 688 604; x_wconf 87' lang='grc'>13111</span> <span class='ocrx_word' id='word_1_62' title='bbox 732 577 866 617; x_wconf 84' lang='lat' dir='ltr'>prope</span> <span class='ocrx_word' id='word_1_63' title='bbox 908 562 953 603; x_wconf 93' lang='lat' dir='ltr'>in</span> <span class='ocrx_word' id='word_1_64' title='bbox 996 565 1229 616; x_wconf 84' lang='lat' dir='ltr'>conspectu</span> <span class='ocrx_word' id='word_1_65' title='bbox 1271 564 1395 604; x_wconf 87' lang='lat' dir='ltr'>erant</span> <span class='ocrx_word' id='word_1_66' title='bbox 1442 563 1708 616; x_wconf 78' lang='lat' dir='ltr'>exercitus,7</span> 
     </span>
    </p>
   </div>
   <div class='ocr_carea' id='block_1_8' title="bbox 97 621 1708 1091">
    <p class='ocr_par' dir='ltr' id='par_1_8' title="bbox 97 621 1708 1091">
     <span class='ocr_line' id='line_1_11' title="bbox 99 621 1668 677; baseline -0.002 -12"><span class='ocrx_word' id='word_1_67' title='bbox 99 625 470 677; x_wconf 76' lang='lat' dir='ltr'>convenerantque</span> <span class='ocrx_word' id='word_1_68' title='bbox 512 621 639 663; x_wconf 87' lang='lat' dir='ltr'>duces</span> <span class='ocrx_word' id='word_1_69' title='bbox 682 621 810 663; x_wconf 88' lang='lat' dir='ltr'>sicuti</span> <span class='ocrx_word' id='word_1_70' title='bbox 850 621 964 663; x_wconf 86' lang='lat' dir='ltr'>inter</span> <span class='ocrx_word' id='word_1_71' title='bbox 1004 635 1049 662; x_wconf 86' lang='lat' dir='ltr'>se</span> <span class='ocrx_word' id='word_1_72' title='bbox 1080 621 1271 663; x_wconf 87' lang='lat' dir='ltr'>nondum</span> <span class='ocrx_word' id='word_1_73' title='bbox 1314 621 1421 663; x_wconf 86' lang='lat' dir='ltr'>satis</span> <span class='ocrx_word' id='word_1_74' title='bbox 1452 622 1563 676; x_wconf 90' lang='lat' dir='ltr'>noti,</span> <span class='ocrx_word' id='word_1_75' title='bbox 1605 621 1668 662; x_wconf 87' lang='lat' dir='ltr'>ita</span> 
     </span>
     <span class='ocr_line' id='line_1_12' title="bbox 98 680 1708 735; baseline -0.001 -12"><span class='ocrx_word' id='word_1_76' title='bbox 98 682 185 724; x_wconf 90' lang='lat' dir='ltr'>iam</span> <span class='ocrx_word' id='word_1_77' title='bbox 206 681 382 723; x_wconf 86' lang='lat' dir='ltr'>inbutus</span> <span class='ocrx_word' id='word_1_78' title='bbox 404 684 586 735; x_wconf 81' lang='lat' dir='ltr'>uterque</span> <span class='ocrx_word' id='word_1_79' title='bbox 608 681 795 735; x_wconf 87' lang='lat' dir='ltr'>quadam</span> <span class='ocrx_word' id='word_1_80' title='bbox 823 680 1108 722; x_wconf 72' lang='lat' dir='ltr'>admiratione</span> <span class='ocrx_word' id='word_1_81' title='bbox 1135 680 1327 722; x_wconf 86' lang='lat' dir='ltr'>alterius.</span> <span class='ocrx_word' id='word_1_82' title='bbox 1383 695 1484 722; x_wconf 89' lang='lat' dir='ltr'>nam</span> <span class='ocrx_word' id='word_1_83' title='bbox 1504 680 1669 722; x_wconf 84' lang='lat' dir='ltr'>Hanni-</span> <span class='ocrx_word' id='word_1_84' title='bbox 1689 688 1708 719; x_wconf 89' lang='grc'>8</span> 
     </span>
     <span class='ocr_line' id='line_1_13' title="bbox 98 739 1668 796; baseline -0.001 -14"><span class='ocrx_word' id='word_1_85' title='bbox 98 741 211 783; x_wconf 81' lang='lat' dir='ltr'>balis</span> <span class='ocrx_word' id='word_1_86' title='bbox 253 745 297 782; x_wconf 88' lang='lat' dir='ltr'>et</span> <span class='ocrx_word' id='word_1_87' title='bbox 338 740 452 796; x_wconf 89' lang='lat' dir='ltr'>apud</span> <span class='ocrx_word' id='word_1_88' title='bbox 484 740 702 782; x_wconf 83' lang='lat' dir='ltr'>Romanos</span> <span class='ocrx_word' id='word_1_89' title='bbox 744 740 832 781; x_wconf 89' lang='lat' dir='ltr'>iam</span> <span class='ocrx_word' id='word_1_90' title='bbox 872 742 972 781; x_wconf 92' lang='lat' dir='ltr'>ante</span> <span class='ocrx_word' id='word_1_91' title='bbox 1005 739 1188 795; x_wconf 82' lang='lat' dir='ltr'>Sagunti</span> <span class='ocrx_word' id='word_1_92' title='bbox 1229 739 1443 781; x_wconf 76' lang='lat' dir='ltr'>excidium</span> <span class='ocrx_word' id='word_1_93' title='bbox 1485 739 1668 781; x_wconf 87' lang='lat' dir='ltr'>celeber-</span> 
     </span>
     <span class='ocr_line' id='line_1_14' title="bbox 97 798 1668 854; baseline -0.002 -12"><span class='ocrx_word' id='word_1_94' title='bbox 97 800 255 842; x_wconf 90' lang='lat' dir='ltr'>rimum</span> <span class='ocrx_word' id='word_1_95' title='bbox 287 815 445 841; x_wconf 85' lang='lat' dir='ltr'>nomen</span> <span class='ocrx_word' id='word_1_96' title='bbox 477 802 588 852; x_wconf 88' lang='lat' dir='ltr'>erat,</span> <span class='ocrx_word' id='word_1_97' title='bbox 622 802 665 840; x_wconf 89' lang='lat' dir='ltr'>et</span> <span class='ocrx_word' id='word_1_98' title='bbox 692 798 937 854; x_wconf 81' lang='lat' dir='ltr'>Scipionem</span> <span class='ocrx_word' id='word_1_99' title='bbox 964 799 1187 840; x_wconf 86' lang='lat' dir='ltr'>Hannibal</span> <span class='ocrx_word' id='word_1_100' title='bbox 1220 813 1269 841; x_wconf 93' lang='lat' dir='ltr'>eo</span> <span class='ocrx_word' id='word_1_101' title='bbox 1301 799 1416 854; x_wconf 89' lang='lat' dir='ltr'>ipso,</span> <span class='ocrx_word' id='word_1_102' title='bbox 1449 798 1563 854; x_wconf 87' lang='lat' dir='ltr'>quod</span> <span class='ocrx_word' id='word_1_103' title='bbox 1596 798 1668 839; x_wconf 90' lang='lat' dir='ltr'>ad·</span> 
     </span>
     <span class='ocr_line' id='line_1_15' title="bbox 98 858 1667 913; baseline -0.001 -12"><span class='ocrx_word' id='word_1_104' title='bbox 98 874 248 902; x_wconf 86' lang='lat' dir='ltr'>versus</span> <span class='ocrx_word' id='word_1_105' title='bbox 292 874 335 901; x_wconf 86' lang='lat' dir='ltr'>se</span> <span class='ocrx_word' id='word_1_106' title='bbox 378 859 462 900; x_wconf 81' lang='lat' dir='ltr'>dux</span> <span class='ocrx_word' id='word_1_107' title='bbox 505 858 785 913; x_wconf 82' lang='lat' dir='ltr'>potissimum</span> <span class='ocrx_word' id='word_1_108' title='bbox 825 858 964 900; x_wconf 86' lang='lat' dir='ltr'>lectus</span> <span class='ocrx_word' id='word_1_109' title='bbox 1007 861 1139 912; x_wconf 86' lang='lat' dir='ltr'>esset,</span> <span class='ocrx_word' id='word_1_110' title='bbox 1183 861 1481 912; x_wconf 82' lang='lat' dir='ltr'>praestantem</span> <span class='ocrx_word' id='word_1_111' title='bbox 1525 858 1667 899; x_wconf 81' lang='lat' dir='ltr'>virum</span> 
     </span>
     <span class='ocr_line' id='line_1_16' title="bbox 99 916 1708 972; baseline -0.002 -11"><span class='ocrx_word' id='word_1_112' title='bbox 99 918 316 972; x_wconf 73' lang='lat' dir='ltr'>credebat,</span> <span class='ocrx_word' id='word_1_113' title='bbox 344 921 386 960; x_wconf 85' lang='lat' dir='ltr'>et</span> <span class='ocrx_word' id='word_1_114' title='bbox 413 920 626 959; x_wconf 83' lang='lat' dir='ltr'>auxerant</span> <span class='ocrx_word' id='word_1_115' title='bbox 652 918 764 959; x_wconf 78' lang='lat' dir='ltr'>inter</span> <span class='ocrx_word' id='word_1_116' title='bbox 789 932 834 959; x_wconf 87' lang='lat' dir='ltr'>se</span> <span class='ocrx_word' id='word_1_117' title='bbox 862 917 1128 972; x_wconf 88' lang='lat' dir='ltr'>opinionem,</span> <span class='ocrx_word' id='word_1_118' title='bbox 1155 916 1319 972; x_wconf 83' lang='lat' dir='ltr'>Scipio,</span> <span class='ocrx_word' id='word_1_119' title='bbox 1352 917 1465 972; x_wconf 88' lang='lat' dir='ltr'>quod</span> <span class='ocrx_word' id='word_1_120' title='bbox 1491 917 1666 959; x_wconf 84' lang='lat' dir='ltr'>relictus</span> <span class='ocrx_word' id='word_1_121' title='bbox 1688 926 1708 956; x_wconf 86' lang='lat'>9</span> 
     </span>
     <span class='ocr_line' id='line_1_17' title="bbox 98 976 1667 1032; baseline -0.002 -12"><span class='ocrx_word' id='word_1_122' title='bbox 98 978 143 1020; x_wconf 87' lang='lat' dir='ltr'>in</span> <span class='ocrx_word' id='word_1_123' title='bbox 186 977 331 1020; x_wconf 88' lang='lat' dir='ltr'>Gallia</span> <span class='ocrx_word' id='word_1_124' title='bbox 383 977 535 1019; x_wconf 89' lang='lat' dir='ltr'>obvius</span> <span class='ocrx_word' id='word_1_125' title='bbox 587 977 730 1018; x_wconf 86' lang='lat' dir='ltr'>fuerat</span> <span class='ocrx_word' id='word_1_126' title='bbox 779 978 824 1018; x_wconf 91' lang='lat' dir='ltr'>in</span> <span class='ocrx_word' id='word_1_127' title='bbox 873 976 1048 1018; x_wconf 87' lang='lat' dir='ltr'>Italiam</span> <span class='ocrx_word' id='word_1_128' title='bbox 1098 980 1371 1032; x_wconf 80' lang='lat' dir='ltr'>transgresso</span> <span class='ocrx_word' id='word_1_129' title='bbox 1417 976 1667 1030; x_wconf 85' lang='lat' dir='ltr'>Hannibali,</span> 
     </span>
     <span class='ocr_line' id='line_1_18' title="bbox 98 1035 1668 1091; baseline -0.001 -13"><span class='ocrx_word' id='word_1_130' title='bbox 98 1037 318 1079; x_wconf 78' lang='lat' dir='ltr'>Hannibal</span> <span class='ocrx_word' id='word_1_131' title='bbox 344 1039 386 1078; x_wconf 85' lang='lat' dir='ltr'>et</span> <span class='ocrx_word' id='word_1_132' title='bbox 414 1040 569 1078; x_wconf 83' lang='lat' dir='ltr'>conatu</span> <span class='ocrx_word' id='word_1_133' title='bbox 595 1039 685 1078; x_wconf 86' lang='lat' dir='ltr'>tam</span> <span class='ocrx_word' id='word_1_134' title='bbox 707 1035 860 1077; x_wconf 88' lang='lat' dir='ltr'>audaci</span> <span class='ocrx_word' id='word_1_135' title='bbox 879 1036 1214 1078; x_wconf 87' lang='lat' dir='ltr'>traiciendarum</span> <span class='ocrx_word' id='word_1_136' title='bbox 1234 1036 1415 1091; x_wconf 81' lang='lat' dir='ltr'>Alpium</span> <span class='ocrx_word' id='word_1_137' title='bbox 1436 1039 1480 1077; x_wconf 85' lang='lat' dir='ltr'>et</span> <span class='ocrx_word' id='word_1_138' title='bbox 1501 1036 1668 1078; x_wconf 81' lang='lat' dir='ltr'>effectu.</span> 
     </span>
    </p>
   </div>
   <div class='ocr_carea' id='block_1_9' title="bbox 218 1094 1739 1151">
    <p class='ocr_par' dir='ltr' id='par_1_9' title="bbox 218 1094 1739 1151">
     <span class='ocr_line' id='line_1_19' title="bbox 218 1094 1739 1151; baseline -0.001 -14"><span class='ocrx_word' id='word_1_139' title='bbox 218 1095 455 1151; x_wconf 84' lang='lat' dir='ltr'>Occupavit</span> <span class='ocrx_word' id='word_1_140' title='bbox 493 1098 639 1137; x_wconf 88' lang='lat' dir='ltr'>tamen</span> <span class='ocrx_word' id='word_1_141' title='bbox 678 1094 821 1150; x_wconf 90' lang='lat' dir='ltr'>Scipio</span> <span class='ocrx_word' id='word_1_142' title='bbox 853 1094 1018 1136; x_wconf 84' lang='lat' dir='ltr'>Padum</span> <span class='ocrx_word' id='word_1_143' title='bbox 1060 1095 1260 1150; x_wconf 86' lang='lat' dir='ltr'>traicere,</span> <span class='ocrx_word' id='word_1_144' title='bbox 1301 1099 1344 1136; x_wconf 88' lang='lat' dir='ltr'>et</span> <span class='ocrx_word' id='word_1_145' title='bbox 1384 1095 1434 1136; x_wconf 90' lang='lat' dir='ltr'>ad</span> <span class='ocrx_word' id='word_1_146' title='bbox 1469 1095 1668 1137; x_wconf 85' lang='lat' dir='ltr'>Ticinum</span> <span class='ocrx_word' id='word_1_147' title='bbox 1696 1103 1739 1134; x_wconf 87' lang='grc'>10</span> 
     </span>
    </p>
   </div>
   <div class='ocr_carea' id='block_1_10' title="bbox 98 1154 1667 1210">
    <p class='ocr_par' dir='ltr' id='par_1_10' title="bbox 98 1154 1667 1210">
     <span class='ocr_line' id='line_1_20' title="bbox 98 1154 1667 1210; baseline -0.001 -12"><span class='ocrx_word' id='word_1_148' title='bbox 98 1169 269 1198; x_wconf 83' lang='grc'>3111110111</span> <span class='ocrx_word' id='word_1_149' title='bbox 301 1155 431 1197; x_wconf 87' lang='lat' dir='ltr'>motis</span> <span class='ocrx_word' id='word_1_150' title='bbox 460 1155 631 1210; x_wconf 84' lang='lat' dir='ltr'>castris,</span> <span class='ocrx_word' id='word_1_151' title='bbox 669 1154 922 1210; x_wconf 88' lang='lat' dir='ltr'>priusquam</span> <span class='ocrx_word' id='word_1_152' title='bbox 950 1154 1150 1196; x_wconf 84' lang='lat' dir='ltr'>educeret</span> <span class='ocrx_word' id='word_1_153' title='bbox 1175 1155 1220 1196; x_wconf 92' lang='lat' dir='ltr'>in</span> <span class='ocrx_word' id='word_1_154' title='bbox 1246 1154 1401 1209; x_wconf 88' lang='lat' dir='ltr'>aciem,</span> <span class='ocrx_word' id='word_1_155' title='bbox 1433 1154 1667 1196; x_wconf 86' lang='lat' dir='ltr'>adhortan-</span> 
     </span>
    </p>
   </div>
   <div class='ocr_carea' id='block_1_11' title="bbox 91 1317 846 2923">
    <p class='ocr_par' dir='ltr' id='par_1_11' title="bbox 96 1317 845 1400">
     <span class='ocr_line' id='line_1_21' title="bbox 98 1317 845 1363; baseline -0.001 -10"><span class='ocrx_word' id='word_1_156' title='bbox 98 1318 183 1354; x_wconf 89' lang='lat' dir='ltr'>dem</span> <span class='ocrx_word' id='word_1_157' title='bbox 204 1318 379 1360; x_wconf 67' lang='lat' dir='ltr'>Umwege</span> <span class='ocrx_word' id='word_1_158' title='bbox 400 1317 492 1352; x_wconf 67' lang='lat' dir='ltr'>iiber</span> <span class='ocrx_word' id='word_1_159' title='bbox 520 1318 586 1352; x_wconf 87' lang='lat' dir='ltr'>das</span> <span class='ocrx_word' id='word_1_160' title='bbox 608 1320 754 1363; x_wconf 64' lang='lat' dir='ltr'>spatere</span> <span class='ocrx_word' id='word_1_161' title='bbox 775 1317 845 1352; x_wconf 92' lang='lat' dir='ltr'>Bo-</span> 
     </span>
     <span class='ocr_line' id='line_1_22' title="bbox 96 1364 607 1400; baseline -0.002 0"><span class='ocrx_word' id='word_1_162' title='bbox 96 1365 209 1400; x_wconf 88' lang='lat' dir='ltr'>nonia</span> <span class='ocrx_word' id='word_1_163' title='bbox 233 1365 310 1400; x_wconf 91' lang='lat' dir='ltr'>und</span> <span class='ocrx_word' id='word_1_164' title='bbox 335 1365 427 1400; x_wconf 73' lang='lat' dir='ltr'>iiber</span> <span class='ocrx_word' id='word_1_165' title='bbox 452 1364 607 1399; x_wconf 87' lang='lat' dir='ltr'>Mutina.</span> 
     </span>
    </p>

    <p class='ocr_par' dir='ltr' id='par_1_12' title="bbox 95 1412 845 1554">
     <span class='ocr_line' id='line_1_23' title="bbox 144 1412 845 1458; baseline -0.003 -10"><span class='ocrx_word' id='word_1_166' title='bbox 144 1414 283 1458; x_wconf 64' lang='lat' dir='ltr'>urbem}</span> <span class='ocrx_word' id='word_1_167' title='bbox 299 1413 396 1447; x_wconf 87' lang='lat' dir='ltr'>nach</span> <span class='ocrx_word' id='word_1_168' title='bbox 410 1412 559 1458; x_wconf 87' lang='lat' dir='ltr'>Appian</span> <span class='ocrx_word' id='word_1_169' title='bbox 572 1413 770 1455; x_wconf 83' lang='lat' dir='ltr'>Taurasia,</span> <span class='ocrx_word' id='word_1_170' title='bbox 791 1412 845 1446; x_wconf 84' lang='lat' dir='ltr'>als</span> 
     </span>
     <span class='ocr_line' id='line_1_24' title="bbox 97 1459 845 1504; baseline -0.001 -9"><span class='ocrx_word' id='word_1_171' title='bbox 97 1459 391 1495; x_wconf 69' lang='lat' dir='ltr'>Militarkolonie</span> <span class='ocrx_word' id='word_1_172' title='bbox 416 1461 526 1494; x_wconf 88' lang='lat' dir='ltr'>unter</span> <span class='ocrx_word' id='word_1_173' title='bbox 551 1459 742 1504; x_wconf 75' lang='lat' dir='ltr'>Augustus</span> <span class='ocrx_word' id='word_1_174' title='bbox 767 1460 845 1494; x_wconf 81' lang='lat' dir='ltr'>Au-</span> 
     </span>
     <span class='ocr_line' id='line_1_25' title="bbox 95 1508 487 1554; baseline -0.003 -11"><span class='ocrx_word' id='word_1_175' title='bbox 95 1513 202 1554; x_wconf 77' lang='lat' dir='ltr'>9usta</span> <span class='ocrx_word' id='word_1_176' title='bbox 230 1508 487 1543; x_wconf 74' lang='lat' dir='ltr'>Taurinorum.</span> 
     </span>
    </p>

    <p class='ocr_par' dir='ltr' id='par_1_13' title="bbox 91 1554 846 1835">
     <span class='ocr_line' id='line_1_26' title="bbox 142 1554 844 1599; baseline -0.001 -8"><span class='ocrx_word' id='word_1_177' title='bbox 142 1555 277 1599; x_wconf 78' lang='lat' dir='ltr'>volens]</span> <span class='ocrx_word' id='word_1_178' title='bbox 311 1554 381 1589; x_wconf 87' lang='lat' dir='ltr'>wie</span> <span class='ocrx_word' id='word_1_179' title='bbox 414 1556 519 1589; x_wconf 86' lang='lat' dir='ltr'>sonst</span> <span class='ocrx_word' id='word_1_180' title='bbox 549 1555 717 1590; x_wconf 80' lang='lat' dir='ltr'>voluntas</span> <span class='ocrx_word' id='word_1_181' title='bbox 748 1556 782 1599; x_wconf 68' lang='grc' dir='ltr'>(ἓ</span> <span class='ocrx_word' id='word_1_182' title='bbox 808 1556 844 1598; x_wconf 81' lang='grc'>5)</span> 
     </span>
     <span class='ocr_line' id='line_1_27' title="bbox 97 1601 846 1646; baseline 0 -9"><span class='ocrx_word' id='word_1_183' title='bbox 97 1602 170 1637; x_wconf 86' lang='lat' dir='ltr'>den</span> <span class='ocrx_word' id='word_1_184' title='bbox 213 1602 421 1637; x_wconf 85' lang='lat' dir='ltr'>stehenden</span> <span class='ocrx_word' id='word_1_185' title='bbox 460 1601 668 1646; x_wconf 84' lang='lat' dir='ltr'>Gegensatz</span> <span class='ocrx_word' id='word_1_186' title='bbox 710 1613 754 1636; x_wconf 91' lang='lat' dir='ltr'>zu</span> <span class='ocrx_word' id='word_1_187' title='bbox 791 1603 846 1637; x_wconf 81' lang='lat' dir='ltr'>vis</span> 
     </span>
     <span class='ocr_line' id='line_1_28' title="bbox 95 1631 843 1693; baseline -0.001 -9"><span class='ocrx_word' id='word_1_188' title='bbox 95 1650 232 1693; x_wconf 76' lang='lat' dir='ltr'>bildet,</span> <span class='ocrx_word' id='word_1_189' title='bbox 253 1661 283 1684; x_wconf 82' lang='lat' dir='ltr'>c.</span> <span class='ocrx_word' id='word_1_190' title='bbox 305 1653 361 1692; x_wconf 87' lang='lat'>58,</span> <span class='ocrx_word' id='word_1_191' title='bbox 382 1654 420 1691; x_wconf 84' lang='grc'>2;</span> <span class='ocrx_word' id='word_1_192' title='bbox 448 1649 508 1692; x_wconf 72' lang='grc'>29,</span> <span class='ocrx_word' id='word_1_193' title='bbox 515 1631 562 1692; x_wconf 88' lang='lat'>3,</span> <span class='ocrx_word' id='word_1_194' title='bbox 586 1654 645 1692; x_wconf 89' lang='grc'>10;</span> <span class='ocrx_word' id='word_1_195' title='bbox 672 1648 730 1692; x_wconf 83' lang='lat'>34,</span> <span class='ocrx_word' id='word_1_196' title='bbox 746 1653 803 1692; x_wconf 84' lang='grc'>29,</span> <span class='ocrx_word' id='word_1_197' title='bbox 827 1653 843 1683; x_wconf 98' lang='grc'>1</span> 
     </span>
     <span class='ocr_line' id='line_1_29' title="bbox 91 1678 846 1752; baseline 0 -20"><span class='ocrx_word' id='word_1_198' title='bbox 91 1698 232 1752; x_wconf 80' lang='lat' dir='ltr'>partim</span> <span class='ocrx_word' id='word_1_199' title='bbox 265 1698 448 1733; x_wconf 83' lang='lat' dir='ltr'>voluntate</span> <span class='ocrx_word' id='word_1_200' title='bbox 476 1678 617 1741; x_wconf 68' lang='lat' dir='ltr'>Jiartim</span> <span class='ocrx_word' id='word_1_201' title='bbox 651 1701 747 1732; x_wconf 88' lang='lat' dir='ltr'>metu</span> <span class='ocrx_word' id='word_1_202' title='bbox 781 1701 846 1732; x_wconf 86' lang='lat' dir='ltr'>aut</span> 
     </span>
     <span class='ocr_line' id='line_1_30' title="bbox 96 1744 845 1788; baseline -0.001 -8"><span class='ocrx_word' id='word_1_203' title='bbox 96 1746 152 1788; x_wconf 82' lang='lat' dir='ltr'>vi;</span> <span class='ocrx_word' id='word_1_204' title='bbox 183 1744 257 1788; x_wconf 88' lang='lat' dir='ltr'>vgl.</span> <span class='ocrx_word' id='word_1_205' title='bbox 285 1744 352 1787; x_wconf 81' lang='lat'>34,</span> <span class='ocrx_word' id='word_1_206' title='bbox 379 1749 442 1787; x_wconf 89' lang='lat'>31,</span> <span class='ocrx_word' id='word_1_207' title='bbox 469 1748 488 1778; x_wconf 87' lang='lat'>9</span> <span class='ocrx_word' id='word_1_208' title='bbox 514 1745 638 1779; x_wconf 82' lang='lat' dir='ltr'>urbem</span> <span class='ocrx_word' id='word_1_209' title='bbox 663 1745 845 1787; x_wconf 73' lang='lat' dir='ltr'>volentem,</span> 
     </span>
     <span class='ocr_line' id='line_1_31' title="bbox 96 1790 797 1846; baseline -0.003 -18"><span class='ocrx_word' id='word_1_210' title='bbox 96 1803 172 1828; x_wconf 80' lang='lat' dir='ltr'>non</span> <span class='ocrx_word' id='word_1_211' title='bbox 196 1792 232 1827; x_wconf 81' lang='lat' dir='ltr'>vi</span> <span class='ocrx_word' id='word_1_212' title='bbox 257 1795 416 1827; x_wconf 77' lang='lat' dir='ltr'>coactam</span> <span class='ocrx_word' id='word_1_213' title='bbox 441 1792 581 1846; x_wconf 75' lang='lat' dir='ltr'>aceepi;</span> <span class='ocrx_word' id='word_1_214' title='bbox 606 1790 667 1834; x_wconf 88' lang='grc'>22,</span> <span class='ocrx_word' id='word_1_215' title='bbox 688 1795 744 1832; x_wconf 84' lang='grc'>27</span> <span class='ocrx_word' id='word_1_216' title='bbox 766 1795 797 1826; x_wconf 89' lang='grc'>9.</span> 
     </span>
    </p>

    <p class='ocr_par' dir='ltr' id='par_1_14' title="bbox 98 1834 846 1976">
     <span class='ocr_line' id='line_1_32' title="bbox 144 1834 846 1895; baseline -0.003 -21"><span class='ocrx_word' id='word_1_217' title='bbox 144 1838 197 1884; x_wconf 80' lang='lat' dir='ltr'>vi]</span> <span class='ocrx_word' id='word_1_218' title='bbox 227 1838 305 1873; x_wconf 88' lang='lat' dir='ltr'>Pol.</span> <span class='ocrx_word' id='word_1_219' title='bbox 338 1836 586 1895; x_wconf 77' lang='grc' dir='ltr'>κατασφάξας</span> <span class='ocrx_word' id='word_1_220' title='bbox 618 1835 705 1878; x_wconf 82' lang='grc' dir='ltr'><strong><em>τοὺς</em></strong></span> <span class='ocrx_word' id='word_1_221' title='bbox 738 1834 846 1872; x_wconf 79' lang='grc' dir='ltr'><strong><em>ἐναν-</em></strong></span> 
     </span>
     <span class='ocr_line' id='line_1_33' title="bbox 98 1882 844 1931; baseline -0.001 -11"><span class='ocrx_word' id='word_1_222' title='bbox 98 1884 307 1925; x_wconf 81' lang='grc' dir='ltr'><em>τιωθέντας</em></span> <span class='ocrx_word' id='word_1_223' title='bbox 327 1882 447 1931; x_wconf 79' lang='grc' dir='ltr'>αὐτῷ;</span> <span class='ocrx_word' id='word_1_224' title='bbox 473 1885 571 1919; x_wconf 84' lang='grc'>113011</span> <span class='ocrx_word' id='word_1_225' title='bbox 594 1884 743 1929; x_wconf 86' lang='lat' dir='ltr'>Appian</span> <span class='ocrx_word' id='word_1_226' title='bbox 769 1885 844 1920; x_wconf 91' lang='grc'>1.0.</span> 
     </span>
     <span class='ocr_line' id='line_1_34' title="bbox 98 1922 749 1976; baseline -0.002 -9"><span class='ocrx_word' id='word_1_227' title='bbox 98 1944 160 1967; x_wconf 95' lang='grc'>11111</span> <span class='ocrx_word' id='word_1_228' title='bbox 187 1931 248 1966; x_wconf 85' lang='grc'>0111</span> <span class='ocrx_word' id='word_1_229' title='bbox 272 1922 437 1976; x_wconf 84' lang='lat' dir='ltr'>Beispiel</span> <span class='ocrx_word' id='word_1_230' title='bbox 465 1943 508 1965; x_wconf 92' lang='lat' dir='ltr'>zu</span> <span class='ocrx_word' id='word_1_231' title='bbox 535 1931 749 1967; x_wconf 84' lang='lat' dir='ltr'>statuieren.</span> 
     </span>
    </p>

    <p class='ocr_par' dir='ltr' id='par_1_15' title="bbox 97 1978 846 2072">
     <span class='ocr_line' id='line_1_35' title="bbox 146 1978 845 2025; baseline -0.001 -11"><span class='ocrx_word' id='word_1_232' title='bbox 146 1984 177 2015; x_wconf 89' lang='lat'>5.</span> <span class='ocrx_word' id='word_1_233' title='bbox 206 1979 397 2025; x_wconf 73' lang='lat' dir='ltr'>i&#39;unxzsset]</span> <span class='ocrx_word' id='word_1_234' title='bbox 419 1979 485 2013; x_wconf 85' lang='lat' dir='ltr'>auf</span> <span class='ocrx_word' id='word_1_235' title='bbox 502 1978 604 2014; x_wconf 86' lang='lat' dir='ltr'>seine</span> <span class='ocrx_word' id='word_1_236' title='bbox 624 1978 725 2014; x_wconf 87' lang='lat' dir='ltr'>Seite</span> <span class='ocrx_word' id='word_1_237' title='bbox 744 1978 845 2013; x_wconf 88' lang='lat' dir='ltr'>brin-</span> 
     </span>
     <span class='ocr_line' id='line_1_36' title="bbox 97 2025 846 2072; baseline 0.001 -11"><span class='ocrx_word' id='word_1_238' title='bbox 97 2037 187 2072; x_wconf 79' lang='lat' dir='ltr'>gen3</span> <span class='ocrx_word' id='word_1_239' title='bbox 215 2027 409 2062; x_wconf 77' lang='lat' dir='ltr'>conciliare</span> <span class='ocrx_word' id='word_1_240' title='bbox 433 2026 558 2060; x_wconf 75' lang='lat' dir='ltr'>wiirde</span> <span class='ocrx_word' id='word_1_241' title='bbox 573 2025 678 2060; x_wconf 87' lang='grc'>1110111,</span> <span class='ocrx_word' id='word_1_242' title='bbox 692 2038 736 2060; x_wconf 89' lang='lat' dir='ltr'>zu</span> <span class='ocrx_word' id='word_1_243' title='bbox 751 2031 846 2062; x_wconf 85' lang='lat' dir='ltr'>metu</span> 
     </span>
    </p>

    <p class='ocr_par' dir='ltr' id='par_1_16' title="bbox 96 2084 845 2393">
     <span class='ocr_line' id='line_1_37' title="bbox 124 2084 242 2108; baseline 0 0"><span class='ocrx_word' id='word_1_244' title='bbox 124 2084 242 2108; x_wconf 81' lang='lat' dir='ltr'>assen.</span> 
     </span>
     <span class='ocr_line' id='line_1_38' title="bbox 96 2086 844 2166; baseline -0.001 -10"><span class='ocrx_word' id='word_1_245' title='bbox 96 2086 121 2120; x_wconf 74' lang='lat' dir='ltr'>p</span> <span class='ocrx_word' id='word_1_246' title='bbox 144 2121 254 2166; x_wconf 85' lang='lat' dir='ltr'>metu]</span> <span class='ocrx_word' id='word_1_247' title='bbox 274 2120 340 2155; x_wconf 85' lang='lat' dir='ltr'>das</span> <span class='ocrx_word' id='word_1_248' title='bbox 356 2131 428 2155; x_wconf 86' lang='lat' dir='ltr'>von</span> <span class='ocrx_word' id='word_1_249' title='bbox 441 2119 559 2156; x_wconf 86' lang='lat' dir='ltr'>Hann.</span> <span class='ocrx_word' id='word_1_250' title='bbox 576 2121 844 2165; x_wconf 82' lang='lat' dir='ltr'>angewendete</span> 
     </span>
     <span class='ocr_line' id='line_1_39' title="bbox 96 2167 844 2212; baseline 0.001 -9"><span class='ocrx_word' id='word_1_251' title='bbox 96 2167 220 2203; x_wconf 79' lang='lat' dir='ltr'>Mittel</span> <span class='ocrx_word' id='word_1_252' title='bbox 247 2167 499 2212; x_wconf 84' lang='lat' dir='ltr'>angedrohter</span> <span class='ocrx_word' id='word_1_253' title='bbox 525 2167 686 2211; x_wconf 87' lang='lat' dir='ltr'>Gewalt,</span> <span class='ocrx_word' id='word_1_254' title='bbox 718 2169 844 2204; x_wconf 77' lang='lat' dir='ltr'>volum-</span> 
     </span>
     <span class='ocr_line' id='line_1_40' title="bbox 97 2215 844 2261; baseline 0 -10"><span class='ocrx_word' id='word_1_255' title='bbox 97 2220 185 2259; x_wconf 81' lang='lat' dir='ltr'>tate,</span> <span class='ocrx_word' id='word_1_256' title='bbox 213 2215 273 2250; x_wconf 88' lang='lat' dir='ltr'>die</span> <span class='ocrx_word' id='word_1_257' title='bbox 300 2215 366 2250; x_wconf 89' lang='lat' dir='ltr'>der</span> <span class='ocrx_word' id='word_1_258' title='bbox 386 2215 643 2260; x_wconf 87' lang='lat' dir='ltr'>Vereinigung</span> <span class='ocrx_word' id='word_1_259' title='bbox 669 2215 844 2261; x_wconf 73' lang='lat' dir='ltr'>gtinstige</span> 
     </span>
     <span class='ocr_line' id='line_1_41' title="bbox 98 2262 844 2307; baseline 0.001 -10"><span class='ocrx_word' id='word_1_260' title='bbox 98 2262 310 2307; x_wconf 84' lang='lat' dir='ltr'>Stimmung</span> <span class='ocrx_word' id='word_1_261' title='bbox 341 2262 408 2297; x_wconf 86' lang='lat' dir='ltr'>der</span> <span class='ocrx_word' id='word_1_262' title='bbox 440 2262 590 2298; x_wconf 84' lang='lat' dir='ltr'>Gallier.</span> <span class='ocrx_word' id='word_1_263' title='bbox 642 2263 706 2305; x_wconf 80' lang='lat'>31,</span> <span class='ocrx_word' id='word_1_264' title='bbox 735 2268 794 2307; x_wconf 88' lang='lat'>33,</span> <span class='ocrx_word' id='word_1_265' title='bbox 824 2267 844 2298; x_wconf 92' lang='lat'>5</span> 
     </span>
     <span class='ocr_line' id='line_1_42' title="bbox 97 2310 845 2356; baseline 0.001 -11"><span class='ocrx_word' id='word_1_266' title='bbox 97 2310 231 2356; x_wconf 75' lang='lat' dir='ltr'>oppida</span> <span class='ocrx_word' id='word_1_267' title='bbox 268 2311 409 2354; x_wconf 75' lang='lat' dir='ltr'>partim</span> <span class='ocrx_word' id='word_1_268' title='bbox 452 2311 654 2354; x_wconf 84' lang='lat' dir='ltr'>voluntate,</span> <span class='ocrx_word' id='word_1_269' title='bbox 705 2312 845 2355; x_wconf 77' lang='lat' dir='ltr'>partim</span> 
     </span>
     <span class='ocr_line' id='line_1_43' title="bbox 97 2358 478 2393; baseline -0.005 0"><span class='ocrx_word' id='word_1_270' title='bbox 97 2362 191 2393; x_wconf 79' lang='lat' dir='ltr'>metu</span> <span class='ocrx_word' id='word_1_271' title='bbox 215 2367 250 2392; x_wconf 85' lang='lat' dir='ltr'>se</span> <span class='ocrx_word' id='word_1_272' title='bbox 275 2358 478 2392; x_wconf 76' lang='lat' dir='ltr'>tradebant.</span> 
     </span>
    </p>

    <p class='ocr_par' dir='ltr' id='par_1_17' title="bbox 97 2404 844 2496">
     <span class='ocr_line' id='line_1_44' title="bbox 145 2404 844 2449; baseline 0 -9"><span class='ocrx_word' id='word_1_273' title='bbox 145 2404 492 2449; x_wconf 77' lang='lat' dir='ltr'>circumspectantis]</span> <span class='ocrx_word' id='word_1_274' title='bbox 508 2405 636 2449; x_wconf 83' lang='lat' dir='ltr'>streng</span> <span class='ocrx_word' id='word_1_275' title='bbox 646 2406 844 2449; x_wconf 83' lang='lat' dir='ltr'>temporal,</span> 
     </span>
     <span class='ocr_line' id='line_1_45' title="bbox 97 2451 843 2496; baseline 0.001 -10"><span class='ocrx_word' id='word_1_276' title='bbox 97 2451 233 2496; x_wconf 72' lang='lat' dir='ltr'>get-ade</span> <span class='ocrx_word' id='word_1_277' title='bbox 242 2451 279 2485; x_wconf 92' lang='lat' dir='ltr'>in</span> <span class='ocrx_word' id='word_1_278' title='bbox 288 2452 372 2485; x_wconf 89' lang='lat' dir='ltr'>dem</span> <span class='ocrx_word' id='word_1_279' title='bbox 381 2451 651 2496; x_wconf 86' lang='lat' dir='ltr'>Augenblicke,</span> <span class='ocrx_word' id='word_1_280' title='bbox 661 2463 717 2486; x_wconf 85' lang='lat' dir='ltr'>wo</span> <span class='ocrx_word' id='word_1_281' title='bbox 727 2464 759 2486; x_wconf 91' lang='lat' dir='ltr'>u.</span> <span class='ocrx_word' id='word_1_282' title='bbox 769 2464 843 2487; x_wconf 57' lang='grc' dir='ltr'>επ.</span> 
     </span>
    </p>

    <p class='ocr_par' dir='ltr' id='par_1_18' title="bbox 97 2497 846 2591">
     <span class='ocr_line' id='line_1_46' title="bbox 144 2497 846 2544; baseline -0.001 -10"><span class='ocrx_word' id='word_1_283' title='bbox 144 2503 176 2534; x_wconf 85' lang='grc'>6.</span> <span class='ocrx_word' id='word_1_284' title='bbox 202 2499 307 2544; x_wconf 80' lang='lat' dir='ltr'>quae]</span> <span class='ocrx_word' id='word_1_285' title='bbox 335 2516 370 2527; x_wconf 93' lang='lat'><strong><em>=</em></strong></span> <span class='ocrx_word' id='word_1_286' title='bbox 395 2503 498 2541; x_wconf 84' lang='lat' dir='ltr'>utra,</span> <span class='ocrx_word' id='word_1_287' title='bbox 533 2497 570 2532; x_wconf 90' lang='lat' dir='ltr'>in</span> <span class='ocrx_word' id='word_1_288' title='bbox 599 2498 846 2544; x_wconf 84' lang='lat' dir='ltr'>Verbindung</span> 
     </span>
     <span class='ocr_line' id='line_1_47' title="bbox 97 2545 614 2591; baseline -0.002 -11"><span class='ocrx_word' id='word_1_289' title='bbox 97 2545 166 2580; x_wconf 77' lang='lat' dir='ltr'>mit</span> <span class='ocrx_word' id='word_1_290' title='bbox 184 2557 276 2591; x_wconf 78' lang='lat' dir='ltr'>pars</span> <span class='ocrx_word' id='word_1_291' title='bbox 301 2545 397 2579; x_wconf 88' lang='lat' dir='ltr'>auch</span> <span class='ocrx_word' id='word_1_292' title='bbox 423 2545 483 2588; x_wconf 88' lang='grc'>22,</span> <span class='ocrx_word' id='word_1_293' title='bbox 506 2550 561 2588; x_wconf 88' lang='grc'>23,</span> <span class='ocrx_word' id='word_1_294' title='bbox 584 2550 614 2580; x_wconf 86' lang='grc'>6.</span> 
     </span>
    </p>

    <p class='ocr_par' dir='ltr' id='par_1_19' title="bbox 97 2574 843 2722">
     <span class='ocr_line' id='line_1_48' title="bbox 138 2574 843 2638; baseline 0 -10"><span class='ocrx_word' id='word_1_295' title='bbox 138 2594 376 2638; x_wconf 75' lang='lat' dir='ltr'>praesentem]</span> <span class='ocrx_word' id='word_1_296' title='bbox 406 2574 546 2627; x_wconf 56' lang='lat' dir='ltr'>sow¹ohl</span> <span class='ocrx_word' id='word_1_297' title='bbox 566 2592 634 2626; x_wconf 89' lang='lat' dir='ltr'>auf</span> <span class='ocrx_word' id='word_1_298' title='bbox 649 2592 767 2627; x_wconf 85' lang='grc' dir='ltr'>Η31111</span> <span class='ocrx_word' id='word_1_299' title='bbox 789 2594 843 2628; x_wconf 85' lang='lat' dir='ltr'>als</span> 
     </span>
     <span class='ocr_line' id='line_1_49' title="bbox 97 2639 844 2686; baseline 0.001 -11"><span class='ocrx_word' id='word_1_300' title='bbox 97 2639 163 2674; x_wconf 83' lang='lat' dir='ltr'>auf</span> <span class='ocrx_word' id='word_1_301' title='bbox 186 2639 241 2676; x_wconf 85' lang='lat' dir='ltr'>Sc.</span> <span class='ocrx_word' id='word_1_302' title='bbox 269 2651 311 2674; x_wconf 85' lang='lat' dir='ltr'>zu</span> <span class='ocrx_word' id='word_1_303' title='bbox 338 2639 534 2682; x_wconf 86' lang='lat' dir='ltr'>beziehen,</span> <span class='ocrx_word' id='word_1_304' title='bbox 561 2639 646 2674; x_wconf 87' lang='lat' dir='ltr'>dem</span> <span class='ocrx_word' id='word_1_305' title='bbox 673 2640 738 2674; x_wconf 89' lang='lat' dir='ltr'>der</span> <span class='ocrx_word' id='word_1_306' title='bbox 763 2652 844 2686; x_wconf 87' lang='lat' dir='ltr'>per-</span> 
     </span>
     <span class='ocr_line' id='line_1_50' title="bbox 98 2686 697 2722; baseline -0.002 -1"><span class='ocrx_word' id='word_1_307' title='bbox 98 2686 242 2722; x_wconf 70' lang='lat' dir='ltr'>sonlich</span> <span class='ocrx_word' id='word_1_308' title='bbox 268 2686 329 2722; x_wconf 90' lang='lat' dir='ltr'>bei</span> <span class='ocrx_word' id='word_1_309' title='bbox 355 2687 468 2722; x_wconf 88' lang='lat' dir='ltr'>ihnen</span> <span class='ocrx_word' id='word_1_310' title='bbox 495 2686 697 2722; x_wconf 85' lang='lat' dir='ltr'>erscheine.</span> 
     </span>
    </p>

    <p class='ocr_par' dir='ltr' id='par_1_20' title="bbox 96 2733 846 2923">
     <span class='ocr_line' id='line_1_51' title="bbox 145 2733 846 2779; baseline 0.001 -10"><span class='ocrx_word' id='word_1_311' title='bbox 145 2738 176 2769; x_wconf 81' lang='grc'>7.</span> <span class='ocrx_word' id='word_1_312' title='bbox 227 2735 480 2779; x_wconf 80' lang='lat' dir='ltr'>convenerant]</span> <span class='ocrx_word' id='word_1_313' title='bbox 532 2733 571 2768; x_wconf 90' lang='grc'>111</span> <span class='ocrx_word' id='word_1_314' title='bbox 621 2733 846 2770; x_wconf 83' lang='lat' dir='ltr'>feindlicher</span> 
     </span>
     <span class='ocr_line' id='line_1_52' title="bbox 96 2780 844 2825; baseline 0.004 -11"><span class='ocrx_word' id='word_1_315' title='bbox 96 2780 270 2825; x_wconf 82' lang='lat' dir='ltr'>Absicht,</span> <span class='ocrx_word' id='word_1_316' title='bbox 304 2780 383 2816; x_wconf 86' lang='lat' dir='ltr'>sich</span> <span class='ocrx_word' id='word_1_317' title='bbox 411 2781 589 2816; x_wconf 84' lang='lat' dir='ltr'>einander</span> <span class='ocrx_word' id='word_1_318' title='bbox 614 2784 844 2825; x_wconf 60' lang='grc' dir='ltr'>30801111ὺο1·-</span> 
     </span>
     <span class='ocr_line' id='line_1_53' title="bbox 98 2827 846 2871; baseline 0.005 -9"><span class='ocrx_word' id='word_1_319' title='bbox 98 2828 245 2871; x_wconf 78' lang='lat' dir='ltr'>stellen,</span> <span class='ocrx_word' id='word_1_320' title='bbox 279 2827 523 2863; x_wconf 84' lang='lat' dir='ltr'>verschieden</span> <span class='ocrx_word' id='word_1_321' title='bbox 555 2840 626 2863; x_wconf 90' lang='lat' dir='ltr'>von</span> <span class='ocrx_word' id='word_1_322' title='bbox 658 2830 699 2863; x_wconf 89' lang='lat' dir='ltr'>in</span> <span class='ocrx_word' id='word_1_323' title='bbox 730 2842 846 2865; x_wconf 86' lang='lat' dir='ltr'>unum</span> 
     </span>
     <span class='ocr_line' id='line_1_54' title="bbox 97 2875 845 2923; baseline 0.003 -13"><span class='ocrx_word' id='word_1_324' title='bbox 97 2877 301 2919; x_wconf 85' lang='lat' dir='ltr'>convenire,</span> <span class='ocrx_word' id='word_1_325' title='bbox 322 2875 482 2910; x_wconf 82' lang='lat' dir='ltr'>welches</span> <span class='ocrx_word' id='word_1_326' title='bbox 498 2875 579 2910; x_wconf 88' lang='lat' dir='ltr'>eine</span> <span class='ocrx_word' id='word_1_327' title='bbox 590 2875 845 2923; x_wconf 85' lang='lat' dir='ltr'>Vereinigung</span> 
     </span>
    </p>
   </div>
   <div class='ocr_carea' id='block_1_12' title="bbox 912 1317 1670 2923">
    <p class='ocr_par' dir='ltr' id='par_1_21' title="bbox 919 1317 1668 1409">
     <span class='ocr_line' id='line_1_55' title="bbox 919 1317 1668 1361; baseline 0.001 -9"><span class='ocrx_word' id='word_1_328' title='bbox 919 1317 1140 1361; x_wconf 70' lang='lat' dir='ltr'>ausdrfiekt,</span> <span class='ocrx_word' id='word_1_329' title='bbox 1167 1318 1202 1360; x_wconf 82' lang='lat'>4,</span> <span class='ocrx_word' id='word_1_330' title='bbox 1218 1321 1274 1361; x_wconf 83' lang='lat'>43,</span> <span class='ocrx_word' id='word_1_331' title='bbox 1292 1323 1350 1360; x_wconf 90' lang='grc'>11;</span> <span class='ocrx_word' id='word_1_332' title='bbox 1378 1318 1420 1353; x_wconf 82' lang='lat' dir='ltr'>in</span> <span class='ocrx_word' id='word_1_333' title='bbox 1440 1329 1554 1353; x_wconf 87' lang='lat' dir='ltr'>unum</span> <span class='ocrx_word' id='word_1_334' title='bbox 1574 1319 1668 1353; x_wconf 74' lang='lat' dir='ltr'>coire</span> 
     </span>
     <span class='ocr_line' id='line_1_56' title="bbox 919 1364 1407 1409; baseline 0.002 -10"><span class='ocrx_word' id='word_1_335' title='bbox 919 1364 979 1408; x_wconf 80' lang='lat'>25,</span> <span class='ocrx_word' id='word_1_336' title='bbox 1003 1369 1057 1407; x_wconf 85' lang='lat'>35,</span> <span class='ocrx_word' id='word_1_337' title='bbox 1080 1370 1110 1400; x_wconf 84' lang='lat'>6.</span> <span class='ocrx_word' id='word_1_338' title='bbox 1162 1365 1212 1399; x_wconf 89' lang='lat' dir='ltr'>Zu</span> <span class='ocrx_word' id='word_1_339' title='bbox 1239 1376 1269 1399; x_wconf 85' lang='lat' dir='ltr'>c.</span> <span class='ocrx_word' id='word_1_340' title='bbox 1297 1369 1353 1409; x_wconf 85' lang='lat'>31,</span> <span class='ocrx_word' id='word_1_341' title='bbox 1375 1370 1407 1400; x_wconf 86' lang='lat'>4.</span> 
     </span>
    </p>

    <p class='ocr_par' dir='ltr' id='par_1_22' title="bbox 918 1411 1668 1883">
     <span class='ocr_line' id='line_1_57' title="bbox 966 1411 1668 1457; baseline -0.003 -9"><span class='ocrx_word' id='word_1_342' title='bbox 966 1417 998 1448; x_wconf 89' lang='lat'>8.</span> <span class='ocrx_word' id='word_1_343' title='bbox 1019 1413 1147 1447; x_wconf 87' lang='lat' dir='ltr'>Hann.</span> <span class='ocrx_word' id='word_1_344' title='bbox 1163 1413 1209 1457; x_wconf 88' lang='lat' dir='ltr'>et]</span> <span class='ocrx_word' id='word_1_345' title='bbox 1231 1412 1338 1447; x_wconf 88' lang='lat' dir='ltr'>nicht</span> <span class='ocrx_word' id='word_1_346' title='bbox 1351 1412 1390 1447; x_wconf 83' lang='lat' dir='ltr'>in</span> <span class='ocrx_word' id='word_1_347' title='bbox 1403 1411 1668 1457; x_wconf 87' lang='lat' dir='ltr'>umgekehrter</span> 
     </span>
     <span class='ocr_line' id='line_1_58' title="bbox 919 1458 1667 1505; baseline -0.001 -11"><span class='ocrx_word' id='word_1_348' title='bbox 919 1459 1106 1504; x_wconf 81' lang='lat' dir='ltr'>Stellung,</span> <span class='ocrx_word' id='word_1_349' title='bbox 1131 1459 1214 1494; x_wconf 88' lang='lat' dir='ltr'>weil</span> <span class='ocrx_word' id='word_1_350' title='bbox 1234 1459 1295 1494; x_wconf 88' lang='lat' dir='ltr'>die</span> <span class='ocrx_word' id='word_1_351' title='bbox 1312 1458 1667 1505; x_wconf 79' lang='lat' dir='ltr'>korrespondieren-</span> 
     </span>
     <span class='ocr_line' id='line_1_59' title="bbox 918 1507 1666 1553; baseline 0.001 -13"><span class='ocrx_word' id='word_1_352' title='bbox 918 1507 991 1542; x_wconf 89' lang='lat' dir='ltr'>den</span> <span class='ocrx_word' id='word_1_353' title='bbox 1011 1507 1142 1542; x_wconf 86' lang='lat' dir='ltr'>Worte</span> <span class='ocrx_word' id='word_1_354' title='bbox 1162 1507 1268 1542; x_wconf 86' lang='lat' dir='ltr'>nicht</span> <span class='ocrx_word' id='word_1_355' title='bbox 1287 1512 1319 1542; x_wconf 82' lang='lat' dir='ltr'>et</span> <span class='ocrx_word' id='word_1_356' title='bbox 1337 1507 1559 1553; x_wconf 75' lang='lat' dir='ltr'>Scipionem,</span> <span class='ocrx_word' id='word_1_357' title='bbox 1583 1518 1666 1541; x_wconf 86' lang='lat' dir='ltr'>son-</span> 
     </span>
     <span class='ocr_line' id='line_1_60' title="bbox 919 1553 1667 1596; baseline -0.001 -7"><span class='ocrx_word' id='word_1_358' title='bbox 919 1554 1012 1589; x_wconf 87' lang='lat' dir='ltr'>dern</span> <span class='ocrx_word' id='word_1_359' title='bbox 1031 1560 1063 1590; x_wconf 82' lang='lat' dir='ltr'>et</span> <span class='ocrx_word' id='word_1_360' title='bbox 1081 1559 1264 1590; x_wconf 77' lang='lat' dir='ltr'>auoeerant</span> <span class='ocrx_word' id='word_1_361' title='bbox 1283 1554 1382 1589; x_wconf 87' lang='lat' dir='ltr'>sind:</span> <span class='ocrx_word' id='word_1_362' title='bbox 1405 1554 1503 1589; x_wconf 89' lang='lat' dir='ltr'>denn</span> <span class='ocrx_word' id='word_1_363' title='bbox 1517 1553 1667 1596; x_wconf 88' lang='lat' dir='ltr'>einmal,</span> 
     </span>
     <span class='ocr_line' id='line_1_61' title="bbox 919 1601 1666 1646; baseline 0 -10"><span class='ocrx_word' id='word_1_364' title='bbox 919 1613 994 1637; x_wconf 88' lang='lat' dir='ltr'>was</span> <span class='ocrx_word' id='word_1_365' title='bbox 1010 1602 1130 1637; x_wconf 90' lang='lat' dir='ltr'>Hann.</span> <span class='ocrx_word' id='word_1_366' title='bbox 1153 1601 1360 1646; x_wconf 83' lang='lat' dir='ltr'>anbetrifft,</span> <span class='ocrx_word' id='word_1_367' title='bbox 1382 1613 1422 1637; x_wconf 86' lang='lat' dir='ltr'>so</span> <span class='ocrx_word' id='word_1_368' title='bbox 1443 1622 1488 1627; x_wconf 94' lang='lat'>—</span> <span class='ocrx_word' id='word_1_369' title='bbox 1507 1601 1584 1636; x_wconf 89' lang='lat' dir='ltr'>und</span> <span class='ocrx_word' id='word_1_370' title='bbox 1605 1615 1666 1643; x_wconf 88' lang='lat'>—;</span> 
     </span>
     <span class='ocr_line' id='line_1_62' title="bbox 918 1649 1668 1685; baseline 0.001 -2"><span class='ocrx_word' id='word_1_371' title='bbox 918 1649 994 1683; x_wconf 89' lang='lat' dir='ltr'>und</span> <span class='ocrx_word' id='word_1_372' title='bbox 1014 1649 1115 1684; x_wconf 87' lang='lat' dir='ltr'>dann</span> <span class='ocrx_word' id='word_1_373' title='bbox 1134 1650 1265 1684; x_wconf 89' lang='lat' dir='ltr'>hatten</span> <span class='ocrx_word' id='word_1_374' title='bbox 1285 1661 1318 1684; x_wconf 95' lang='lat' dir='ltr'>u.</span> <span class='ocrx_word' id='word_1_375' title='bbox 1335 1662 1362 1685; x_wconf 87' lang='lat' dir='ltr'>s.</span> <span class='ocrx_word' id='word_1_376' title='bbox 1377 1661 1421 1685; x_wconf 81' lang='lat' dir='ltr'>W.</span> <span class='ocrx_word' id='word_1_377' title='bbox 1454 1649 1503 1683; x_wconf 87' lang='lat' dir='ltr'>Es</span> <span class='ocrx_word' id='word_1_378' title='bbox 1518 1649 1668 1684; x_wconf 84' lang='lat' dir='ltr'>werden</span> 
     </span>
     <span class='ocr_line' id='line_1_63' title="bbox 920 1696 1666 1741; baseline 0 -11"><span class='ocrx_word' id='word_1_379' title='bbox 920 1697 998 1731; x_wconf 82' lang='lat' dir='ltr'>also</span> <span class='ocrx_word' id='word_1_380' title='bbox 1031 1696 1124 1732; x_wconf 85' lang='lat' dir='ltr'>zwei</span> <span class='ocrx_word' id='word_1_381' title='bbox 1156 1697 1307 1731; x_wconf 68' lang='lat' dir='ltr'>Grunde</span> <span class='ocrx_word' id='word_1_382' title='bbox 1339 1697 1398 1731; x_wconf 74' lang='lat' dir='ltr'>fiir</span> <span class='ocrx_word' id='word_1_383' title='bbox 1435 1697 1497 1732; x_wconf 89' lang='lat' dir='ltr'>die</span> <span class='ocrx_word' id='word_1_384' title='bbox 1527 1707 1666 1741; x_wconf 82' lang='lat' dir='ltr'>gegen-</span> 
     </span>
     <span class='ocr_line' id='line_1_64' title="bbox 919 1742 1668 1789; baseline 0 -11"><span class='ocrx_word' id='word_1_385' title='bbox 919 1743 1053 1789; x_wconf 83' lang='lat' dir='ltr'>seitige</span> <span class='ocrx_word' id='word_1_386' title='bbox 1086 1744 1402 1789; x_wconf 53' lang='lat' dir='ltr'>XVertschatzung</span> <span class='ocrx_word' id='word_1_387' title='bbox 1434 1743 1500 1778; x_wconf 84' lang='lat' dir='ltr'>det</span> <span class='ocrx_word' id='word_1_388' title='bbox 1530 1742 1668 1778; x_wconf 90' lang='lat' dir='ltr'>beiden</span> 
     </span>
     <span class='ocr_line' id='line_1_65' title="bbox 920 1790 1668 1836; baseline 0 -11"><span class='ocrx_word' id='word_1_389' title='bbox 920 1790 1101 1826; x_wconf 89' lang='lat' dir='ltr'>Generale</span> <span class='ocrx_word' id='word_1_390' title='bbox 1132 1791 1318 1836; x_wconf 87' lang='lat' dir='ltr'>gegeben,</span> <span class='ocrx_word' id='word_1_391' title='bbox 1355 1792 1469 1826; x_wconf 88' lang='lat' dir='ltr'>deren</span> <span class='ocrx_word' id='word_1_392' title='bbox 1497 1791 1605 1835; x_wconf 82' lang='lat' dir='ltr'>jeder</span> <span class='ocrx_word' id='word_1_393' title='bbox 1630 1790 1668 1824; x_wconf 89' lang='lat' dir='ltr'>in</span> 
     </span>
     <span class='ocr_line' id='line_1_66' title="bbox 919 1837 1442 1883; baseline 0.004 -12"><span class='ocrx_word' id='word_1_394' title='bbox 919 1837 1012 1872; x_wconf 85' lang='lat' dir='ltr'>zwei</span> <span class='ocrx_word' id='word_1_395' title='bbox 1038 1838 1190 1873; x_wconf 89' lang='lat' dir='ltr'>Glieder</span> <span class='ocrx_word' id='word_1_396' title='bbox 1216 1839 1359 1883; x_wconf 86' lang='lat' dir='ltr'>zerlegt</span> <span class='ocrx_word' id='word_1_397' title='bbox 1383 1838 1442 1873; x_wconf 74' lang='lat' dir='ltr'>ist.</span> 
     </span>
    </p>

    <p class='ocr_par' dir='ltr' id='par_1_23' title="bbox 918 1886 1668 2003">
     <span class='ocr_line' id='line_1_67' title="bbox 968 1886 1666 1931; baseline -0.001 -11"><span class='ocrx_word' id='word_1_398' title='bbox 968 1886 1091 1931; x_wconf 80' lang='lat' dir='ltr'>lectus]</span> <span class='ocrx_word' id='word_1_399' title='bbox 1123 1886 1154 1930; x_wconf 94' lang='lat'>1,</span> <span class='ocrx_word' id='word_1_400' title='bbox 1181 1890 1236 1928; x_wconf 87' lang='lat'>54,</span> <span class='ocrx_word' id='word_1_401' title='bbox 1264 1890 1283 1920; x_wconf 83' lang='lat'><strong>2</strong></span> <span class='ocrx_word' id='word_1_402' title='bbox 1311 1887 1388 1921; x_wconf 74' lang='lat' dir='ltr'>dux</span> <span class='ocrx_word' id='word_1_403' title='bbox 1415 1886 1498 1921; x_wconf 79' lang='lat' dir='ltr'>belli</span> <span class='ocrx_word' id='word_1_404' title='bbox 1523 1886 1666 1930; x_wconf 73' lang='lat' dir='ltr'>leqitur,</span> 
     </span>
     <span class='ocr_line' id='line_1_68' title="bbox 918 1913 1668 2003; baseline 0.001 -36"><span class='ocrx_word' id='word_1_405' title='bbox 918 1931 980 2003; x_wconf 48' lang='lat'>3¹8,</span> <span class='ocrx_word' id='word_1_406' title='bbox 1001 1937 1057 1976; x_wconf 86' lang='grc'>42,</span> <span class='ocrx_word' id='word_1_407' title='bbox 1073 1937 1111 1975; x_wconf 82' lang='lat'>53</span> <span class='ocrx_word' id='word_1_408' title='bbox 1139 1913 1242 1967; x_wconf 78' lang='lat' dir='ltr'>sonst</span> <span class='ocrx_word' id='word_1_409' title='bbox 1263 1933 1359 1991; x_wconf 81' lang='lat' dir='ltr'>auch</span> <span class='ocrx_word' id='word_1_410' title='bbox 1378 1933 1502 1968; x_wconf 82' lang='lat' dir='ltr'>ducem</span> <span class='ocrx_word' id='word_1_411' title='bbox 1516 1933 1668 1978; x_wconf 68' lang='lat' dir='ltr'>delzyeoe</span> 
     </span>
    </p>

    <p class='ocr_par' dir='ltr' id='par_1_24' title="bbox 919 1980 1108 2023">
     <span class='ocr_line' id='line_1_69' title="bbox 919 1980 1108 2023; baseline 0.007 -9.179"><span class='ocrx_word' id='word_1_412' title='bbox 919 1980 979 2023; x_wconf 87' lang='grc'>...9,</span> <span class='ocrx_word' id='word_1_413' title='bbox 1001 1984 1056 2022; x_wconf 88' lang='grc'>20,</span> <span class='ocrx_word' id='word_1_414' title='bbox 1077 1984 1108 2014; x_wconf 96' lang='grc'>2.</span> 
     </span>
    </p>

    <p class='ocr_par' dir='ltr' id='par_1_25' title="bbox 918 2027 1667 2167">
     <span class='ocr_line' id='line_1_70' title="bbox 967 2027 1667 2080; baseline -0.001 -18"><span class='ocrx_word' id='word_1_415' title='bbox 967 2032 997 2063; x_wconf 97' lang='lat'>9.</span> <span class='ocrx_word' id='word_1_416' title='bbox 1025 2031 1057 2062; x_wconf 88' lang='lat' dir='ltr'>et</span> <span class='ocrx_word' id='word_1_417' title='bbox 1082 2028 1278 2080; x_wconf 74' lang='lat' dir='ltr'>auxerant]</span> <span class='ocrx_word' id='word_1_418' title='bbox 1310 2027 1418 2073; x_wconf 86' lang='lat' dir='ltr'>jeder</span> <span class='ocrx_word' id='word_1_419' title='bbox 1449 2027 1555 2062; x_wconf 86' lang='lat' dir='ltr'>hatte</span> <span class='ocrx_word' id='word_1_420' title='bbox 1583 2027 1667 2062; x_wconf 89' lang='lat' dir='ltr'>dem</span> 
     </span>
     <span class='ocr_line' id='line_1_71' title="bbox 918 2074 1665 2120; baseline -0.001 -11"><span class='ocrx_word' id='word_1_421' title='bbox 918 2075 1060 2109; x_wconf 88' lang='lat' dir='ltr'>andern</span> <span class='ocrx_word' id='word_1_422' title='bbox 1093 2075 1173 2109; x_wconf 87' lang='grc'>01110</span> <span class='ocrx_word' id='word_1_423' title='bbox 1206 2075 1348 2110; x_wconf 76' lang='lat' dir='ltr'>hohere</span> <span class='ocrx_word' id='word_1_424' title='bbox 1380 2074 1560 2120; x_wconf 85' lang='lat' dir='ltr'>Meinung</span> <span class='ocrx_word' id='word_1_425' title='bbox 1594 2085 1665 2109; x_wconf 82' lang='lat' dir='ltr'>von</span> 
     </span>
     <span class='ocr_line' id='line_1_72' title="bbox 918 2121 1281 2167; baseline -0.003 -10"><span class='ocrx_word' id='word_1_426' title='bbox 918 2122 999 2157; x_wconf 86' lang='lat' dir='ltr'>sich</span> <span class='ocrx_word' id='word_1_427' title='bbox 1024 2121 1281 2167; x_wconf 84' lang='lat' dir='ltr'>beigebracht.</span> 
     </span>
    </p>

    <p class='ocr_par' dir='ltr' id='par_1_26' title="bbox 919 2169 1666 2263">
     <span class='ocr_line' id='line_1_73' title="bbox 964 2169 1666 2216; baseline -0.001 -12"><span class='ocrx_word' id='word_1_428' title='bbox 964 2170 1126 2216; x_wconf 83' lang='lat' dir='ltr'>relictus]</span> <span class='ocrx_word' id='word_1_429' title='bbox 1140 2169 1224 2204; x_wconf 87' lang='lat' dir='ltr'>weil</span> <span class='ocrx_word' id='word_1_430' title='bbox 1235 2170 1314 2203; x_wconf 89' lang='lat' dir='ltr'>ihm</span> <span class='ocrx_word' id='word_1_431' title='bbox 1322 2169 1440 2205; x_wconf 88' lang='lat' dir='ltr'>Hann.</span> <span class='ocrx_word' id='word_1_432' title='bbox 1457 2169 1566 2204; x_wconf 90' lang='lat' dir='ltr'>einen</span> <span class='ocrx_word' id='word_1_433' title='bbox 1574 2169 1666 2204; x_wconf 88' lang='lat' dir='ltr'>Vor-</span> 
     </span>
     <span class='ocr_line' id='line_1_74' title="bbox 919 2217 1303 2263; baseline 0.003 -12"><span class='ocrx_word' id='word_1_434' title='bbox 919 2229 1059 2263; x_wconf 86' lang='lat' dir='ltr'>sprung</span> <span class='ocrx_word' id='word_1_435' title='bbox 1084 2217 1303 2261; x_wconf 86' lang='lat' dir='ltr'>abgewann.</span> 
     </span>
    </p>

    <p class='ocr_par' dir='ltr' id='par_1_27' title="bbox 912 2264 1668 2404">
     <span class='ocr_line' id='line_1_75' title="bbox 966 2264 1668 2311; baseline -0.001 -11"><span class='ocrx_word' id='word_1_436' title='bbox 966 2265 1114 2311; x_wconf 79' lang='lat' dir='ltr'>conatu]</span> <span class='ocrx_word' id='word_1_437' title='bbox 1143 2264 1286 2299; x_wconf 85' lang='lat' dir='ltr'>Plinius</span> <span class='ocrx_word' id='word_1_438' title='bbox 1311 2266 1387 2299; x_wconf 89' lang='lat' dir='ltr'>nat.</span> <span class='ocrx_word' id='word_1_439' title='bbox 1421 2264 1455 2298; x_wconf 92' lang='lat' dir='ltr'>h.</span> <span class='ocrx_word' id='word_1_440' title='bbox 1484 2268 1544 2304; x_wconf 86' lang='lat'>35,</span> <span class='ocrx_word' id='word_1_441' title='bbox 1573 2268 1592 2298; x_wconf 87' lang='grc'>2</span> <span class='ocrx_word' id='word_1_442' title='bbox 1626 2265 1668 2299; x_wconf 83' lang='lat' dir='ltr'>in</span> 
     </span>
     <span class='ocr_line' id='line_1_76' title="bbox 912 2313 1667 2357; baseline -0.001 -10"><span class='ocrx_word' id='word_1_443' title='bbox 912 2316 1079 2357; x_wconf 78' lang='lat' dir='ltr'>portento</span> <span class='ocrx_word' id='word_1_444' title='bbox 1087 2323 1202 2357; x_wconf 81' lang='lat' dir='ltr'>prope</span> <span class='ocrx_word' id='word_1_445' title='bbox 1221 2313 1374 2347; x_wconf 84' lang='lat' dir='ltr'>maiores</span> <span class='ocrx_word' id='word_1_446' title='bbox 1392 2313 1547 2347; x_wconf 82' lang='lat' dir='ltr'>habuere</span> <span class='ocrx_word' id='word_1_447' title='bbox 1560 2313 1667 2356; x_wconf 78' lang='lat' dir='ltr'>Alpis</span> 
     </span>
     <span class='ocr_line' id='line_1_77' title="bbox 918 2359 1475 2404; baseline 0 -10"><span class='ocrx_word' id='word_1_448' title='bbox 918 2361 963 2395; x_wconf 88' lang='lat' dir='ltr'>ab</span> <span class='ocrx_word' id='word_1_449' title='bbox 990 2359 1206 2395; x_wconf 78' lang='lat' dir='ltr'>Hannibale</span> <span class='ocrx_word' id='word_1_450' title='bbox 1231 2364 1475 2404; x_wconf 73' lang='lat' dir='ltr'>exsuperatas.</span> 
     </span>
    </p>

    <p class='ocr_par' dir='ltr' id='par_1_28' title="bbox 917 2405 1666 2827">
     <span class='ocr_line' id='line_1_78' title="bbox 968 2405 1664 2452; baseline -0.001 -11"><span class='ocrx_word' id='word_1_451' title='bbox 968 2411 1021 2441; x_wconf 90' lang='grc'>10.</span> <span class='ocrx_word' id='word_1_452' title='bbox 1048 2408 1183 2452; x_wconf 77' lang='lat' dir='ltr'>tamen]</span> <span class='ocrx_word' id='word_1_453' title='bbox 1205 2406 1317 2441; x_wconf 87' lang='lat' dir='ltr'>leiser</span> <span class='ocrx_word' id='word_1_454' title='bbox 1336 2406 1471 2448; x_wconf 88' lang='lat' dir='ltr'>Tadel,</span> <span class='ocrx_word' id='word_1_455' title='bbox 1499 2405 1573 2440; x_wconf 79' lang='lat' dir='ltr'>dass</span> <span class='ocrx_word' id='word_1_456' title='bbox 1595 2405 1664 2449; x_wconf 88' lang='lat' dir='ltr'>Sc,</span> 
     </span>
     <span class='ocr_line' id='line_1_79' title="bbox 919 2452 1664 2488; baseline -0.001 -1"><span class='ocrx_word' id='word_1_457' title='bbox 919 2453 985 2488; x_wconf 88' lang='lat' dir='ltr'>der</span> <span class='ocrx_word' id='word_1_458' title='bbox 1005 2452 1101 2488; x_wconf 91' lang='lat' dir='ltr'>doch</span> <span class='ocrx_word' id='word_1_459' title='bbox 1122 2454 1207 2488; x_wconf 88' lang='lat' dir='ltr'>dem</span> <span class='ocrx_word' id='word_1_460' title='bbox 1224 2453 1414 2488; x_wconf 88' lang='lat' dir='ltr'>Hannibal</span> <span class='ocrx_word' id='word_1_461' title='bbox 1434 2453 1540 2487; x_wconf 89' lang='lat' dir='ltr'>nicht</span> <span class='ocrx_word' id='word_1_462' title='bbox 1558 2453 1664 2487; x_wconf 77' lang='lat' dir='ltr'>iiber-</span> 
     </span>
     <span class='ocr_line' id='line_1_80' title="bbox 917 2499 1666 2545; baseline -0.001 -11"><span class='ocrx_word' id='word_1_463' title='bbox 917 2500 1027 2545; x_wconf 85' lang='lat' dir='ltr'>legen</span> <span class='ocrx_word' id='word_1_464' title='bbox 1048 2512 1140 2542; x_wconf 87' lang='lat' dir='ltr'>war,</span> <span class='ocrx_word' id='word_1_465' title='bbox 1172 2500 1231 2535; x_wconf 90' lang='lat' dir='ltr'>die</span> <span class='ocrx_word' id='word_1_466' title='bbox 1255 2500 1442 2535; x_wconf 87' lang='lat' dir='ltr'>Offensive</span> <span class='ocrx_word' id='word_1_467' title='bbox 1463 2512 1507 2534; x_wconf 91' lang='lat' dir='ltr'>zu</span> <span class='ocrx_word' id='word_1_468' title='bbox 1529 2499 1666 2544; x_wconf 86' lang='lat' dir='ltr'>ergrei-</span> 
     </span>
     <span class='ocr_line' id='line_1_81' title="bbox 917 2546 1665 2589; baseline -0.001 -8"><span class='ocrx_word' id='word_1_469' title='bbox 917 2547 978 2581; x_wconf 90' lang='lat' dir='ltr'>fen</span> <span class='ocrx_word' id='word_1_470' title='bbox 999 2547 1176 2582; x_wconf 80' lang='lat' dir='ltr'>versucht</span> <span class='ocrx_word' id='word_1_471' title='bbox 1194 2548 1307 2589; x_wconf 70' lang='lat' dir='ltr'>habe,</span> <span class='ocrx_word' id='word_1_472' title='bbox 1334 2547 1395 2582; x_wconf 90' lang='lat' dir='ltr'>bei</span> <span class='ocrx_word' id='word_1_473' title='bbox 1415 2547 1493 2582; x_wconf 86' lang='lat' dir='ltr'>Pol.</span> <span class='ocrx_word' id='word_1_474' title='bbox 1515 2546 1566 2581; x_wconf 84' lang='lat' dir='ltr'>ist</span> <span class='ocrx_word' id='word_1_475' title='bbox 1585 2547 1665 2581; x_wconf 88' lang='lat' dir='ltr'>der-</span> 
     </span>
     <span class='ocr_line' id='line_1_82' title="bbox 918 2593 1666 2639; baseline 0 -11"><span class='ocrx_word' id='word_1_476' title='bbox 918 2594 1038 2636; x_wconf 83' lang='lat' dir='ltr'>selbe,</span> <span class='ocrx_word' id='word_1_477' title='bbox 1069 2606 1176 2628; x_wconf 88' lang='lat' dir='ltr'>wenn</span> <span class='ocrx_word' id='word_1_478' title='bbox 1196 2595 1291 2629; x_wconf 88' lang='lat' dir='ltr'>auch</span> <span class='ocrx_word' id='word_1_479' title='bbox 1313 2593 1521 2638; x_wconf 81' lang='lat' dir='ltr'>vorsichtig</span> <span class='ocrx_word' id='word_1_480' title='bbox 1540 2605 1666 2639; x_wconf 86' lang='lat' dir='ltr'>genug</span> 
     </span>
     <span class='ocr_line' id='line_1_83' title="bbox 918 2622 1666 2682; baseline 0.001 -7"><span class='ocrx_word' id='word_1_481' title='bbox 918 2622 1038 2676; x_wconf 89' lang='lat' dir='ltr'>durch</span> <span class='ocrx_word' id='word_1_482' title='bbox 1050 2641 1122 2676; x_wconf 89' lang='lat' dir='ltr'>den</span> <span class='ocrx_word' id='word_1_483' title='bbox 1130 2641 1245 2675; x_wconf 91' lang='lat' dir='ltr'>Mund</span> <span class='ocrx_word' id='word_1_484' title='bbox 1260 2642 1427 2682; x_wconf 84' lang='lat' dir='ltr'>anderer,</span> <span class='ocrx_word' id='word_1_485' title='bbox 1450 2641 1547 2676; x_wconf 91' lang='lat' dir='ltr'>doch</span> <span class='ocrx_word' id='word_1_486' title='bbox 1562 2641 1666 2676; x_wconf 81' lang='lat' dir='ltr'>deut-</span> 
     </span>
     <span class='ocr_line' id='line_1_84' title="bbox 917 2687 1670 2745; baseline 0.001 -23"><span class='ocrx_word' id='word_1_487' title='bbox 917 2688 1037 2723; x_wconf 90' lang='lat' dir='ltr'>licher</span> <span class='ocrx_word' id='word_1_488' title='bbox 1042 2700 1195 2745; x_wconf 71' lang='lat' dir='ltr'>ausges</span> <span class='ocrx_word' id='word_1_489' title='bbox 1199 2689 1380 2744; x_wconf 88' lang='lat' dir='ltr'>prochen,</span> <span class='ocrx_word' id='word_1_490' title='bbox 1413 2689 1447 2731; x_wconf 88' lang='grc'>3,</span> <span class='ocrx_word' id='word_1_491' title='bbox 1476 2692 1531 2731; x_wconf 87' lang='grc'>68,</span> <span class='ocrx_word' id='word_1_492' title='bbox 1560 2692 1603 2723; x_wconf 89' lang='grc'>10</span> <span class='ocrx_word' id='word_1_493' title='bbox 1630 2687 1670 2723; x_wconf 81' lang='grc' dir='ltr'>οἵ</span> 
     </span>
     <span class='ocr_line' id='line_1_85' title="bbox 918 2733 1664 2781; baseline 0 -11"><span class='ocrx_word' id='word_1_494' title='bbox 918 2749 986 2780; x_wconf 78' lang='grc' dir='ltr'>μεν</span> <span class='ocrx_word' id='word_1_495' title='bbox 1031 2733 1188 2780; x_wconf 75' lang='grc' dir='ltr'><em>ἥτιῶντο</em></span> <span class='ocrx_word' id='word_1_496' title='bbox 1233 2734 1300 2780; x_wconf 80' lang='grc' dir='ltr'>τὴν</span> <span class='ocrx_word' id='word_1_497' title='bbox 1348 2737 1412 2770; x_wconf 81' lang='grc' dir='ltr'>τοῦ</span> <span class='ocrx_word' id='word_1_498' title='bbox 1458 2737 1664 2781; x_wconf 77' lang='grc' dir='ltr'><strong><em>στρατηγοῦ</em></strong></span> 
     </span>
     <span class='ocr_line' id='line_1_86' title="bbox 917 2783 1156 2827; baseline 0 -10"><span class='ocrx_word' id='word_1_499' title='bbox 917 2783 1156 2827; x_wconf 74' lang='grc' dir='ltr'>προπέτειαν.</span> 
     </span>
    </p>

    <p class='ocr_par' dir='ltr' id='par_1_29' title="bbox 917 2829 1666 2923">
     <span class='ocr_line' id='line_1_87' title="bbox 965 2829 1666 2876; baseline 0 -11"><span class='ocrx_word' id='word_1_500' title='bbox 965 2831 1138 2876; x_wconf 82' lang='lat' dir='ltr'>educeret]</span> <span class='ocrx_word' id='word_1_501' title='bbox 1174 2830 1211 2864; x_wconf 91' lang='lat' dir='ltr'>in</span> <span class='ocrx_word' id='word_1_502' title='bbox 1245 2829 1490 2875; x_wconf 86' lang='lat' dir='ltr'>Verbindung</span> <span class='ocrx_word' id='word_1_503' title='bbox 1523 2830 1593 2865; x_wconf 85' lang='lat' dir='ltr'>mit</span> <span class='ocrx_word' id='word_1_504' title='bbox 1624 2831 1666 2865; x_wconf 78' lang='lat' dir='ltr'>in</span> 
     </span>
     <span class='ocr_line' id='line_1_88' title="bbox 917 2877 1663 2923; baseline -0.001 -10"><span class='ocrx_word' id='word_1_505' title='bbox 917 2879 1030 2914; x_wconf 81' lang='lat' dir='ltr'>aciem</span> <span class='ocrx_word' id='word_1_506' title='bbox 1049 2877 1180 2912; x_wconf 89' lang='lat' dir='ltr'>immer</span> <span class='ocrx_word' id='word_1_507' title='bbox 1194 2878 1260 2912; x_wconf 87' lang='lat' dir='ltr'>das</span> <span class='ocrx_word' id='word_1_508' title='bbox 1274 2877 1533 2923; x_wconf 82' lang='lat' dir='ltr'>Kompositum</span> <span class='ocrx_word' id='word_1_509' title='bbox 1547 2879 1591 2921; x_wconf 84' lang='lat' dir='ltr'>(c.</span> <span class='ocrx_word' id='word_1_510' title='bbox 1608 2881 1663 2919; x_wconf 84' lang='lat'>40,</span> 
     </span>
    </p>
   </div>
  </div>
 </body>
</html>
