1882 3163
116 404 168 444 16

183 120 239 161 32
644 118 789 153 LIBER
816 118 946 153 XXIII.
999 118 1099 155 CAP.
1130 123 1183 155 15.
1212 123 1264 154 16.

1588 137 1613 155 a.
1633 138 1661 155 u.
1683 130 1746 156 538.

181 228 404 282 nromissis
447 241 600 281 equom
646 227 848 267 eximium
899 227 1010 269 dono
1061 227 1134 268 dat
1181 228 1439 289 bigatosque
1489 228 1746 282 quingentos

184 289 454 341 quaestorem
481 300 703 326 numerare
730 286 866 340 iubet3
897 286 1120 327 lictoribus
1146 287 1342 340 imperat,
1368 288 1416 327 ut
1437 300 1533 327 eum
1553 301 1597 328 se
1618 287 1746 341 adire,

185 345 383 400 quotiens
416 344 532 398 velit,
564 345 795 398 patiantur.

301 403 395 445 Hac
434 404 634 445 comitate
678 403 870 444 Marcelli

914 403 1067 445 ferocis
1112 404 1275 445 iuvenis
1322 403 1489 444 animus
1530 404 1634 445 adeo
1684 406 1750 445 est

184 463 387 517 mollitus,
420 465 468 503 ut
498 477 623 503 nemo
651 462 749 503 inde
777 463 986 505 sociorum
1012 477 1102 504 rem
1129 462 1370 504 Romanam
1395 463 1551 504 fortius
1579 477 1627 504 ac
1647 462 1748 504 fide-

144 523 266 563 2lius
299 522 476 575 iuverit,
521 536 616 563 cum
654 521 874 562 Hannibal
913 521 965 563 ad
1003 524 1149 575 portas
1189 524 1301 562 esset
1348 545 1397 551 -—
1445 521 1602 562 Nolam
1635 521 1749 563 enim

185 596 333 622 rursus
361 597 385 622 a
411 580 598 621 Nuceria
629 581 765 621 movit
796 583 939 622 castra
966 605 1021 610 -
1047 581 1277 634 plebesque
1305 579 1475 621 Nolana
1502 581 1551 621 de
1578 580 1747 635 integro

188 640 239 681 ad
271 639 552 681 defectionem
585 642 808 694 spectaret.

305 698 534 740 Marcellus
569 699 646 739 sub
680 698 911 740 adventum
942 698 1132 739 hostium
1171 698 1301 738 intra
1325 712 1469 739 muros
1502 712 1546 739 se
1578 699 1751 752 recepit,

187 772 274 799 non
307 758 458 799 castris
483 760 693 811 metuens,
726 757 798 798 sed
825 772 877 798 ne
904 756 1148 811 prodendae
1174 757 1291 797 urbis
1319 757 1597 810 occasionem,
1622 757 1750 797 nimis

144 826 167 856 4
189 817 335 858 multis
379 818 424 857 in
471 831 564 857 eam
608 816 931 866 inminentibus,
977 815 1108 856 daret.
1158 815 1314 856 instrui
1354 815 1504 856 deinde
1535 816 1751 869 utrimque

190 876 302 917 acies
324 878 511 928 coeptae,
536 875 830 916 Romanorum
856 889 932 928 pro
960 874 1185 915 moenibus
1210 872 1359 927 Nolae,
1385 873 1625 915 Poenorum
1654 877 1753 915 ante

190 936 330 975 castra
363 948 450 975 sua.
495 934 659 987 proelia
692 933 794 974 hinc
826 948 959 987 parva
989 933 1100 973 inter
1132 933 1280 973 urbem
1313 935 1537 987 castraque
1564 935 1606 974 et
1632 933 1751 974 vario

191 996 347 1034 eventu
372 993 546 1044 fiebant,
580 992 680 1046 quia
706 992 832 1033 duces
858 1006 936 1033 nec
961 991 1189 1045 prohibere
1216 1006 1374 1045 paucos
1401 994 1559 1032 temere
1580 1006 1751 1046 procur-

148 1062 169 1091 5
192 1053 326 1093 santis
346 1066 424 1092 nec
450 1051 550 1091 dare
577 1052 749 1105 signum
776 1051 998 1092 universae
1024 1064 1193 1104 pugnae
1220 1050 1432 1091 volebant.
1473 1050 1517 1091 in
1543 1051 1624 1092 hac
1650 1051 1752 1092 coti-

191 1111 317 1151 diana
355 1111 442 1150 iam
488 1110 666 1151 duorum
712 1110 974 1151 exercituum
1014 1109 1200 1150 statione
1239 1109 1452 1162 principes
1486 1108 1753 1150 Nolanorum

189 1169 391 1209 nuntiant
423 1168 625 1210 Marcello
659 1171 868 1210 nocturna
900 1168 1132 1222 conloquia
1163 1168 1274 1208 inter
1305 1168 1474 1221 plebem
1507 1183 1555 1209 ac
1586 1167 1752 1209 Poenos

148 1239 168 1268 6
190 1228 294 1281 fieri,
327 1230 622 1282 statutumque
656 1242 759 1281 esse,

798 1231 865 1282 ut,
909 1242 1004 1268 cum
1045 1227 1237 1268 Romana
1270 1227 1380 1268 acies
1414 1240 1587 1281 egressa
1618 1227 1753 1281 portis

193 1289 336 1337 staret,
375 1287 668 1340 inpedimenta
707 1301 855 1328 eorum
893 1301 942 1327 ac
981 1286 1170 1328 sarcinas
1210 1285 1461 1340 diriperent,
1507 1286 1755 1327 clauderent

194 1345 343 1386 deinde
370 1348 517 1400 portas
545 1360 774 1400 murosque
801 1348 1080 1399 occuparent,
1112 1346 1160 1385 ut
1190 1346 1388 1398 potentes
1414 1359 1556 1386 rerum
1583 1359 1756 1386 suarum

149 1415 167 1445 7
192 1407 319 1459 atque
363 1405 480 1445 urbis
519 1404 709 1446 Poenum
749 1404 846 1446 inde
884 1419 961 1458 pro
994 1404 1191 1445 Romano
1231 1404 1483 1458 acciperent.
1532 1404 1637 1445 haec
1681 1403 1755 1445 ubi

189 1463 388 1505 nuntiata
419 1463 624 1505 Marcello
658 1466 769 1516 sunt,
803 1463 1071 1504 conlaudatis
1105 1463 1372 1504 senatoribus
1399 1461 1592 1517 Nolanis,
1618 1463 1754 1516 prius-

191 1537 319 1575 quam
346 1522 478 1575 aliqui
510 1525 651 1563 motus
683 1523 727 1563 in
758 1523 862 1564 urbe
895 1524 1097 1576 oreretur,
1128 1522 1344 1563 fortunam
1371 1535 1542 1576 pugnae
1569 1521 1756 1576 experiri

149 1590 169 1620 8
195 1581 358 1621 statuit.
393 1580 444 1621 ad
477 1581 556 1621 tris
582 1585 731 1635 portas
760 1581 804 1621 in
831 1581 977 1621 hostes
1004 1595 1150 1621 versas
1183 1580 1400 1634 tripertito
1428 1581 1658 1621 exercitum
1690 1580 1752 1621 in-

193 1640 364 1693 struxit3
396 1639 688 1693 inpedimenta
714 1640 917 1693 subsequi
948 1640 1087 1692 iussit,
1120 1640 1290 1680 calones
1317 1639 1509 1693 lixasque
1537 1641 1580 1680 et
1604 1638 1753 1680 invali-

240 1759 293 1789 15.
334 1755 487 1799 biyatos]
528 1754 671 1789 Denaie
707 1756 764 1797 (zu
798 1758 840 1789 70
868 1754 936 1797 Pf.)

191 1801 260 1835 mit
280 1802 363 1835 dem
383 1801 489 1836 Bilde
512 1801 577 1836 der
602 1802 829 1846 geflu'gelten
849 1802 893 1835 V·
884 1813 935 1835 18-

191 1848 289 1882 toria
315 1848 381 1881 auf
405 1848 524 1883 einem
546 1848 853 1893 Zweigespanne3
882 1848 937 1883 als

192 1895 300 1929 dafu'r
320 1895 407 1929 bald
428 1896 523 1930 nach
543 1899 612 1930 200
632 1896 726 1930 auch
748 1895 812 1930 das
830 1895 934 1929 Vier-

191 1953 358 1986 gespann
383 1942 452 1976 mit
472 1943 645 1987 Juppitei
667 1943 815 1986 eintrat,
842 1942 937 1977 hiel's

192 1989 256 2023 der
275 1989 397 2023 Denar
423 1990 517 2023 auch
545 2000 711 2024 nummus
737 1991 935 2034 quadriga-

191 2040 249 2070 tus
276 2040 345 2079 (22,
372 2040 427 2079 52,
456 2038 502 2080 3).

241 2083 443 2127 lictoribus]
492 2085 562 2117 den
601 2084 706 2117 sechs
743 2082 932 2125 Liktoren,

192 2129 332 2162 welche
359 2130 594 2172 gewo'hnlich
614 2141 681 2164 vor
701 2129 785 2163 dem
804 2129 936 2163 Prator

194 2174 459 2219 einhergingen
493 2188 527 2210 u.
554 2186 620 2210 vor
652 2175 790 2210 seinem
818 2176 933 2217 Quar-

194 2221 265 2255 tier
293 2222 432 2255 Wache
458 2221 609 2256 hielten.

242 2291 304 2326 16.
346 2295 374 2325 1.
415 2302 458 2325 ac
489 2292 567 2336 fid]
601 2291 707 2325 nicht
738 2295 821 2333 aut,
852 2291 936 2326 weil

195 2338 254 2372 die
305 2338 439 2372 beiden
487 2338 613 2382 h'aufig
676 2338 938 2372 verbundenen

195 2386 343 2419 Worter
380 2384 587 2429 gleichsam
624 2397 693 2419 nur
731 2385 838 2419 einen
870 2386 937 2419 Be-

196 2431 284 2476 griff
307 2431 444 2467 bilden.

245 2494 276 2524 3.
299 2501 373 2525 non
393 2491 522 2525 castris
539 2491 635 2536 met]
664 2491 768 2525 nicht
788 2490 873 2524 weil
900 2501 938 2524 er

196 2537 407 2580 gefiirchtet
456 2539 577 2582 hatte,
623 2550 661 2573 er
704 2538 825 2573 k6nne
871 2536 937 2572 das

198 2583 315 2618 offene
353 2583 445 2618 Feld
485 2585 590 2619 nicht
628 2585 852 2629 behaupten.
893 2605 936 2608 —

197 2631 335 2676 multis]
371 2631 509 2674 Ablat.;
546 2631 643 2666 denn
674 2632 784 2666 ‘nimis
815 2631 939 2666 multis

197 2677 295 2712 kann
333 2677 439 2712 nicht
476 2678 560 2714 Dat.
600 2679 664 2713 des
701 2678 856 2723 Objekts
895 2689 939 2711 zu

197 2735 241 2758 oie
261 2753 267 2759 .
286 2750 292 2757 .
312 2752 318 2758 .
340 2726 443 2760 daret
468 2726 557 2768 sein,
584 2726 740 2760 sondern
767 2737 810 2759 zu
836 2726 939 2760 daret

199 2770 247 2804 ist
271 2773 331 2806 cui
357 2784 399 2805 zu
426 2775 616 2817 (ξι-8111112811.

244 2830 285 2862 in
311 2841 387 2864 cam
412 2832 560 2874 immin]
593 2830 710 2874 „nach
742 2831 841 2864 einer
870 2829 938 2863 sol-

201 2875 292 2909 chen
313 2877 542 2921 vcrlangtem
570 2879 634 2912 auf
656 2878 708 2911 sie
731 2878 938 2911 lam-x·te11⁸‘:

1010 1758 1067 1798 25,
1093 1758 1150 1797 20,
1178 1758 1198 1788 5
1232 1755 1274 1788 m
1305 1755 1455 1789 alterius
1486 1755 1590 1788 ducis
1619 1755 1754 1788 excerci-

1009 1805 1135 1845 iusque
1173 1801 1403 1844 opprimendi
1440 1802 1659 1836 occasionem
1689 1801 1755 1835 im-

1009 1849 1188 1890 minabat,
1219 1847 1292 1884 Cic.
1321 1848 1363 1883 de
1391 1848 1501 1883 domo
1535 1851 1554 1889 ξ
1576 1852 1619 1882 14
1652 1848 1753 1883 homo

1009 1897 1058 1930 ad
1091 1896 1233 1930 caedem
1258 1896 1466 1938 imminens,
1501 1899 1544 1929 47
1571 1895 1757 1930 imminere

1008 1943 1050 1977 iii
1094 1943 1332 1977 tribuniciam
1373 1945 1608 1986 potestatem,
1659 1941 1755 1976 efter

1009 1989 1078 2024 mit
1103 1989 1215 2023 Dativ
1259 1991 1310 2033 (3,
1345 1992 1407 2032 51,
1442 1993 1480 2032 93
1528 1992 1568 2033 8,
1603 1992 1665 2032 22,
1696 1992 1754 2032 1Ο;

1009 2040 1065 2080 33,
1095 2041 1150 2078 11,
1178 2037 1224 2080 7).

1056 2110 1088 2140 4.
1113 2117 1181 2150 pro
1203 2133 1210 2140 .
1229 2133 1235 2139 .
1251 2132 1258 2139 .
1281 2105 1379 2150 ante]
1403 2105 1471 2139 Bei
1484 2116 1556 2149 pro
1576 2106 1643 2140 hat
1662 2116 1749 2140 man

1009 2154 1080 2187 den
1106 2152 1343 2196 Gegenstand
1376 2152 1471 2195 (hier
1505 2152 1563 2186 die
1596 2152 1751 2194 moenia)

1008 2200 1059 2233 im
1097 2199 1266 2239 Rficken,
1312 2198 1372 2232 bei
1416 2201 1499 2232 ante
1548 2209 1627 2233 vor
1676 2198 1756 2233 sich

1009 2246 1096 2280 oder
1122 2257 1184 2279 zur
1217 2244 1333 2287 Seite3
1378 2245 1452 2289 vgl.
1486 2248 1545 2286 §2
1582 2245 1631 2279 ad
1671 2255 1757 2289 por-

1011 2296 1077 2334 tas,
1100 2296 1131 2336 6,
1160 2296 1215 2335 25,
1244 2295 1264 2326 8
1292 2294 1375 2326 ame
1398 2294 1540 2336 portas,
1566 2296 1625 2336 26,
1653 2296 1708 2335 10,
1734 2295 1754 2326 2

1011 2340 1110 2374 circa
1129 2349 1190 2383 μ,
1217 2342 1280 2381 21,
1307 2342 1369 2382 30,
1397 2342 1416 2373 5
1448 2340 1490 2373 in
1520 2339 1612 2384 ipsis
1636 2340 1757 2383 portis

1010 2387 1166 2421 hostium
1199 2386 1407 2428 subsistere,
1442 2386 1529 2421 Tac.
1568 2386 1603 2420 h.

1004 2444 1076 2477 pro
1099 2433 1226 2477 portis.

1058 2494 1090 2526 5.
1126 2491 1295 2536 statione]
1333 2491 1421 2533 „das
1447 2489 1754 2533 Wachehalten“,

1011 2538 1070 2572 die
1102 2542 1121 2581 ξ
1143 2542 1163 2572 4
1198 2539 1387 2572 erw'ahnte
1420 2536 1657 2580 Aufstellung
1690 2536 1754 2571 der

1011 2586 1122 2628 acies,
1154 2585 1293 2619 welche
1328 2585 1407 2619 sich
1432 2584 1538 2618 nicht
1561 2582 1690 2618 weiter
1715 2584 1752 2618 in

1010 2631 1224 2676 Bewegung
1251 2633 1406 2666 setzten:
1445 2634 1501 2673 27,
1527 2633 1584 2674 48,
1613 2633 1654 2664 13
1681 2633 1753 2665 sta-

1011 2680 1142 2713 tionem
1161 2679 1279 2724 mayis
1296 2689 1434 2722 seynem
1457 2688 1564 2722 quam
1585 2687 1752 2721 pugnam

1010 2726 1177 2768 futuram
1202 2726 1377 2761 cernebat.

1061 2788 1091 2817 6.
1112 2783 1301 2828 inpedim]
1322 2783 1395 2817 Der
1410 2781 1514 2816 Tross
1528 2782 1659 2816 riickte
1674 2782 1752 2817 also

1012 2830 1091 2873 Tag
1123 2830 1180 2864 fiir
1211 2830 1291 2873 Tag
1323 2829 1391 2863 mit
1423 2829 1506 2862 dem
1538 2828 1656 2863 Heere
1689 2840 1753 2864 aus

1014 2882 1047 2920 (ἑ
1068 2879 1115 2919 8).

1638 2389 1675 2428 5,
1711 2389 1752 2419 11
