1882 3163
120 117 146 135 a.
168 109 233 135 Chr.
255 117 282 134 n.
306 109 365 134 212.
599 98 745 133 LIBER
770 99 882 134 XXV.
924 98 1024 134 CAP.
1053 103 1108 135 20.
1137 104 1192 134 21.
1630 102 1689 141 45

120 196 239 237 litiae
272 198 398 238 esset.
448 209 545 237 cum
572 209 697 249 saepe
725 195 846 249 alias,
877 198 968 236 tum
1000 197 1148 249 paucis
1175 196 1325 238 diebus
1353 198 1451 238 ante
1478 200 1690 250 expertus,
1713 209 1737 239 -7

121 255 260 310 qualis
293 255 373 297 sub
398 255 533 296 inscio
559 255 664 296 duce
692 254 902 295 exercitus
929 258 1054 308 esset,
1080 255 1125 295 in
1146 255 1352 309 Apuliam
1378 258 1520 297 castra
1544 256 1692 298 movit.

120 315 235 356 circa
270 313 545 356 Herdoneam
581 313 802 354 Romanae
840 313 1035 368 legiones
1075 316 1118 354 et
1162 317 1334 368 praetor
1371 314 1547 356 Fulvius
1589 316 1760 357 erat.21

121 387 204 427 quo
244 373 319 414 ubi
356 373 532 414 allatum
573 375 638 414 est
677 371 816 413 hostis
859 372 1108 425 adventare,
1148 387 1281 426 prope
1321 377 1387 414 est
1422 374 1603 426 factum,
1643 377 1691 415 ut

120 432 286 473 iniussu
322 432 538 486 praetoris
573 431 710 486 signis
748 431 963 473 convulsis
1002 432 1046 472 in
1087 432 1221 473 aciem
1263 432 1438 473 exirent.
1506 447 1583 474 nec
1622 448 1689 474 res

120 490 260 545 magis
293 492 381 532 ulla
411 490 550 532 tenuit
587 504 716 545 quam
749 505 846 544 spes
879 490 994 531 haud
1026 490 1156 531 dubia
1189 505 1265 532 suo
1307 491 1349 532 id
1383 492 1584 546 arbitrio,
1616 493 1692 533 ubi

120 549 292 603 vellent,
316 550 519 592 facturos.
567 552 693 590 nocte
719 549 964 603 insequenti
990 548 1222 601 Hannibal,
1256 564 1352 590 cum
1378 551 1690 592 tumultuatum
1718 563 1738 594 2

121 609 166 649 in
192 609 343 650 castris
371 612 413 650 et
438 609 663 664 plerosque
689 608 898 662 ferociter,
926 608 1099 663 signum
1126 611 1174 649 ut
1200 608 1332 662 daret,
1358 610 1568 650 institisse
1595 610 1691 652 duci

122 667 175 708 ad
208 682 327 709 arma
357 668 552 710 vocantis
587 667 731 717 sciret,
768 667 884 708 haud
916 667 1070 708 dubius
1104 682 1337 722 prosperae
1369 681 1539 722 pugnae
1572 683 1690 710 occa-

122 727 288 768 sionem
340 727 431 768 dari
480 727 563 768 tria
614 727 736 767 milia
778 726 1074 781 expeditorum
1118 727 1306 767 militum
1343 727 1389 767 in
1427 727 1539 768 villis
1579 728 1692 770 circa
1717 741 1737 771 3

121 786 406 841 vepribusque
439 789 481 827 et
513 785 633 827 silvis
665 785 874 840 disponit,
915 786 987 840 qui
1027 786 1151 841 signo
1191 786 1293 827 dato
1328 786 1456 826 simul
1488 801 1635 828 omnes
1669 802 1691 828 e

121 845 300 886 latebris
333 845 585 897 existerent,
625 847 667 886 et
703 844 934 900 Magonem
968 859 1017 886 ac
1048 845 1131 886 duo
1172 844 1305 886 ferme
1338 845 1457 886 milia
1489 846 1691 899 equitum,
1719 859 1742 890 4

122 918 207 958 qua
237 903 386 959 fugam
418 904 721 945 inclinaturam
753 904 964 957 credebat,
997 905 1142 945 omnia
1166 904 1325 945 itinera
1350 904 1535 945 insidere
1561 904 1691 946 iubet.

121 962 189 1003 his
220 966 345 1004 nocte
378 964 646 1017 praeparatis
680 963 818 1017 prima
850 963 943 1004 luce
976 963 1023 1004 in
1056 963 1189 1004 aciem
1225 964 1371 1017 copias
1411 963 1562 1005 educit.
1613 978 1691 1005 nec
1722 976 1740 1007 5

119 1020 296 1063 Fulvius
335 1026 400 1063 est
437 1025 679 1076 cunctat-us,
716 1037 806 1063 non
842 1025 931 1063 tam
971 1037 1048 1063 sua
1087 1022 1178 1063 ulla
1217 1037 1290 1076 spe
1333 1037 1462 1077 quam
1500 1022 1690 1064 militum

121 1080 287 1135 impetu
318 1080 499 1122 fortuito
532 1084 706 1123 tractus.
762 1081 906 1135 itaque
940 1081 1087 1122 eadem
1118 1081 1373 1135 temeritate,
1406 1096 1490 1136 qua
1521 1096 1689 1135 proces-

122 1154 216 1180 sum
247 1140 294 1180 in
326 1140 462 1181 aciem
495 1144 578 1194 est,
616 1140 844 1182 instruitur
882 1141 977 1195 ipsa
1020 1140 1130 1182 acies
1164 1140 1217 1182 ad
1248 1140 1470 1182 libidinem
1502 1141 1689 1181 militum

120 1198 233 1239 forte
253 1200 596 1253 procurrentium
617 1200 1041 1254 consistentiumque,
1069 1214 1152 1254 quo
1178 1200 1273 1241 1000
1301 1200 1494 1253 ipsorum
1520 1200 1692 1241 tulisset

121 1257 309 1311 animus,
344 1257 499 1300 vdeinde
537 1273 612 1313 per
651 1258 873 1300 libidinem
913 1262 988 1300 aut
1025 1261 1188 1300 metum
1219 1259 1506 1300 deserentium
1538 1259 1691 1300 locum.

120 1317 260 1371 prima
290 1317 405 1372 legio
439 1321 479 1358 et
513 1318 687 1359 sinistra
721 1318 788 1358 ala
820 1318 866 1358 in
897 1318 1036 1372 primo
1069 1318 1319 1371 instructae,
1351 1320 1393 1359 et
1425 1318 1470 1358 in
1502 1318 1689 1372 longitu-
1716 1331 1736 1362 6

120 1444 305 1489 gegeben,
334 1456 372 1479 so
400 1445 493 1478 wird
519 1446 660 1489 effumli
679 1446 719 1480 111
745 1445 806 1480 bei
827 1445 865 1479 L.

941 1450 1024 1480 lura
1052 1450 1155 1488 esset,
1189 1445 1361 1490 dagegen
1387 1446 1426 1490 1,
1454 1450 1516 1487 27,
1546 1450 1586 1480 11
1621 1456 1690 1490 quo

120 1492 312 1526 mehrfach
337 1493 572 1537 angewandt.

935 1498 1128 1538 postquam
1154 1493 1244 1538 fuya
1271 1494 1476 1528 inelinavit.

168 1540 228 1580 21,
251 1544 281 1574 1.
310 1541 462 1586 legiones
481 1545 513 1576 et
532 1540 698 1586 praetor]
726 1539 794 1573 wir
813 1551 867 1573 sa-

121 1598 194 1631 gen
216 1587 341 1621 ‘unter
354 1587 439 1621 dem
455 1586 682 1621 Commando
701 1587 765 1621 des
779 1587 866 1630 Pr.’‚

122 1645 196 1668 was
210 1633 290 1668 Liv.
306 1646 398 1679 gem
418 1635 535 1668 durch
555 1647 633 1670 cum
652 1634 866 1677 ausdriickt,

121 1693 149 1715 z.
175 1681 216 1715 B.
251 1681 316 1724 24,
345 1686 406 1723 36,
435 1686 454 1717 3
487 1694 596 1717 naves
628 1683 755 1728 {onyae
787 1694 867 1717 cum

121 1729 326 1764 Bomilcare
358 1731 483 1765 classis
502 1731 688 1774 praefecto
720 1731 761 1764 111
780 1741 866 1774 por-

120 1781 194 1811 tum
221 1777 417 1811 decurrere.
462 1777 522 1819 24,
542 1782 599 1819 40,
620 1781 640 1812 8
667 1778 740 1811 (luo
764 1778 869 1811 milia

121 1824 277 1857 militum
296 1825 408 1858 mittit
428 1835 508 1858 eum
528 1825 712 1868 praefecto
731 1825 868 1859 socium

125 1870 165 1915 Q.
193 1870 334 1905 Nvaezzo
361 1871 491 1906 Crista.

169 1919 285 1963 11111913
322 1918 421 1963 ulla]
468 1919 583 1963 mayis
619 1917 714 1951 wiid
753 1918 868 1951 durch

123 1964 225 1999 diese
253 1964 426 2009 Stellung
451 1965 599 2007 betont;
627 1964 721 1998 eben
741 1975 780 1999 so
808 1965 868 2007 21,

122 2016 177 2053 59,
201 2016 219 2046 7
242 2023 371 2057 pulsam.
397 2024 484 2047 omo
503 2024 620 2058 moyes
644 2013 723 2046 ulla
743 2024 867 2057 aequa.

122 2039 206 2103 Vg⁷l.
236 2063 291 2100 25,
321 2063 350 2093 7.

168 2107 234 2141 ubi
257 2107 398 2151 vellent}
425 2108 491 2141 ubi
516 2106 596 2140 hier
620 2106 725 2140 nicht
752 2106 791 2139 in
817 2107 869 2140 lo-

124 2154 222 2188 caler
246 2153 478 2198 Bedeutung.

170 2205 202 2235 2.
230 2201 505 2247 tumultuatum]
530 2201 614 2235 dass
632 2201 685 2235 ‘es
701 2201 869 2235 lannend

124 2259 365 2293 zugegangen
392 2248 473 2282 sei'.
519 2248 593 2283 Das
615 2248 723 2283 Wort
748 2248 798 2282 ist
818 2248 869 2281 im

125 2296 231 2329 class.
258 2295 338 2329 Lat.
365 2296 420 2329 als
440 2295 640 2340 Deponens
666 2296 867 2340 gebrauch-

125 2342 217 2383 lich,
251 2342 317 2375 das
357 2343 643 2387 unpersonliche
675 2343 869 2377 Passivum

126 2389 201 2433 (bei
222 2389 260 2423 L.
277 2389 381 2423 nicht
402 2389 535 2433 selten)
551 2390 667 2424 findet
681 2390 761 2424 sich
781 2390 870 2424 aber

126 2437 243 2471 sehon
267 2435 327 2470 bei
362 2436 464 2470 Caes.
491 2436 554 2470 BG
584 2438 614 2478 7,
641 2442 702 2478 61,
729 2442 748 2472 3
775 2449 868 2472 111111-

125 2485 240 2519 tiatur
264 2485 303 2517 1η
332 2485 460 2518 eastris
486 2485 713 2519 tumultuari.

173 2532 393 2565 occasionem
457 2531 557 2576 dari]
619 2542 748 2575 wegcn
806 2532 870 2565 der

128 2577 270 2612 Constr.
299 2589 325 2611 s,
353 2589 396 2611 zu
425 2582 478 2620 15,
505 2582 561 2613 20.

174 2629 206 2660 3.
233 2626 273 2659 in
299 2626 395 2659 rivis
421 2626 518 2660 eirca
545 2626 592 2670 1·.]
622 2636 647 2658 s
676 2637 717 2658 zu
745 2629 776 2667 9,
805 2630 835 2660 2.

173 2676 205 2706 4.
235 2672 323 2718 qua]
349 2672 454 2712 ‘wo’3
482 2683 568 2705 man
589 2673 783 2706 crwartete
804 2683 872 2716 quo

130 2719 316 2761 ‘wohin'3
350 2719 472 2753 dieser
498 2718 585 2753 Bou.
624 2719 757 2753 nahert
792 2719 872 2753 sich

129 2766 217 2799 aber
236 2766 318 2800 hier
335 2778 406 2811 qua
429 2783 472 2795 =
492 2779 563 2810 qua
578 2767 638 2800 ria
652 2783 695 2795 =
720 2765 773 2800 ‘iu
787 2767 872 2800 wel-

129 2813 218 2847 cher
230 2813 454 2857 Richtung’;
476 2814 569 2847 uben
584 2824 624 2847 so
644 2813 679 2855 4,
695 2818 750 2854 37,
766 2818 785 2847 9
802 2815 871 2848 cla-

129 2871 206 2895 mor
230 2861 405 2896 simliciuw
432 2862 518 2903 fuit,
545 2873 615 2906 qua.
642 2872 696 2895 res
716 2862 871 2895 inclina-

989 1545 1020 1574 5.
1060 1542 1195 1584 ‘impetu
1225 1541 1393 1585 fortuito]
1434 1540 1498 1574 der
1535 1541 1690 1584 impetus

941 1587 991 1620 ist
1036 1587 1097 1621 ein
1140 1586 1380 1631 plotzlicher,
1425 1587 1691 1632 uniiberlegter

942 1634 1114 1679 (GegenS.
1139 1635 1362 1678 eonsilium),
1391 1634 1465 1679 vgl.
1487 1634 1546 1675 22,
1567 1639 1624 1678 50,
1646 1640 1688 1669 12

941 1683 1026 1717 llaec
1051 1683 1169 1727 marsis
1194 1683 1329 1726 impello
1354 1683 1559 1717 cmimormn
1582 1694 1691 1726 quam

941 1741 985 1764 ex
1011 1730 1161 1765 consilio
1180 1740 1343 1773 11130111111
1368 1731 1579 1775 agebantur.

988 1790 1019 1821 q.
1048 1778 1070 1811 l.
1090 1778 1256 1838 yps-orum
1279 1777 1419 1811 tulzsset
1443 1777 1603 1821 animus]
1632 1788 1689 1811 uo

945 1823 1055 1857 ‘auch
1086 1822 1231 1857 immer’
1268 1823 1357 1857 oder
1391 1823 1600 1867 J'edesmal’
1632 1825 1690 1866 (Ξ

937 1870 1066 1914 Jedem
1087 1870 1296 1911 einzelnen·
1320 1869 1422 1914 Conj
1444 1870 1690 1905 derWieder-

942 1917 1099 1962 holung)
1127 1929 1164 1951 es
1195 1898 1308 1951 ihneii
1342 1918 1408 1952 der
1435 1917 1540 1952 Geist
1566 1917 1691 1962 einge-

943 1965 1064 2009 geben
1082 1965 1203 2006 hatte3
1227 1965 1301 2009 vgl.
1322 1965 1383 2007 30,
1407 1969 1461 2008 12,
1484 1970 1528 1999 14
1548 1976 1690 2009 precor,

942 2017 982 2046 ut
1021 2014 1114 2056 ipse,
1149 2013 1394 2057 quodcumque
1431 2014 1501 2055 sert
1532 2014 1690 2055 (mimus,

942 2060 984 2094 de
1010 2061 1155 2104 captiva
1184 2064 1342 2101 statuas,
1377 2059 1581 2103 eigentlich
1610 2060 1692 2094 ‘der

943 2105 1066 2149 Geist,
1112 2106 1172 2140 ein
1211 2106 1359 2141 innerer
1397 2106 1508 2140 Trieb
1553 2107 1690 2151 drangt

942 2153 1071 2188 mich'.
1116 2153 1303 2188 Aehnlich
1323 2153 1441 2188 heisst
1463 2166 1501 2187 es
1521 2154 1581 2197 38,
1597 2159 1654 2196 27,
1669 2159 1689 2189 2

936 2212 1029 2245 pars
1061 2203 1195 2243 maior,
1235 2214 1306 2245 qua
1339 2213 1507 2247 quemque
1540 2203 1691 2246 impetus

943 2250 1044 2291 tulit,
1069 2250 1252 2294 fuyerwzt.

985 2308 1053 2341 per
1095 2297 1281 2331 libidinem.
1323 2300 1387 2331 (mcc
1431 2296 1582 2341 metum]
1623 2308 1691 2340 per

944 2343 1079 2377 drfickt
1110 2343 1191 2377 hier
1217 2343 1289 2377 den
1314 2342 1574 2387 Beweggrund
1605 2354 1688 2377 aus:

945 2391 1062 2424 ‘nach
1103 2390 1226 2424 Laune
1274 2390 1363 2423 oder
1406 2400 1471 2423 aus
1510 2389 1688 2432 Fui-ohta

944 2437 1036 2472 eben
1063 2448 1102 2471 so
1130 2442 1186 2480 22,
1214 2442 1244 2471 3.

992 2491 1022 2519 6.
1057 2486 1182 2529 prima
1214 2484 1319 2529 legio]
1355 2494 1391 2517 cs
1424 2483 1474 2517 ist
1506 2484 1689 2519 vielmehr

945 2532 1053 2574 (nach
1080 2532 1146 2573 27,
1177 2535 1211 2572 1,
1239 2533 1273 2575 8)
1309 2530 1369 2564 die
1403 2530 1522 2565 ftinfte
1550 2531 1691 2574 Legion

945 2589 1133 2622 gcwesen3
1161 2578 1259 2611 (101111
1285 2577 1345 2611 die
1369 2577 1559 2622 Legionem
1585 2578 1647 2612 ΝΥ.
1671 2584 1688 2613 1

947 2630 1014 2659 -4
1043 2624 1342 2659 commandieren
1362 2625 1421 2658 (lio
1444 2625 1617 2666 Consuln,
1644 2626 1691 2659 «la

947 2672 1006 2706 die
1022 2672 1191 2715 Ziihlung
1212 2672 1277 2706 der
1294 2672 1483 2716 chionen
1505 2674 1596 2706 stets
1618 2684 1691 2706 von

947 2719 1017 2753 11011
1049 2719 1350 2754 consularischen
1376 2719 1521 2753 Hccrcn
1554 2720 1689 2754 anhub.

949 2766 995 2799 Es
1022 2767 1113 2800 liisst
1141 2766 1218 2799 sich
1246 2766 1481 2808 vemluthcn,
1519 2767 1602 2801 (lass
1630 2767 1689 2801 die

947 2820 979 2854 3,
1007 2819 1026 2848 3
1054 2814 1244 2855 ‹gegcbcne
1272 2812 1507 2857 Aufzi'thlung
1533 2814 1598 2848 der
1623 2814 1690 2847 Bo-

948 2860 1161 2895 fehlshabcr
1185 2861 1254 2895 mit
1275 2861 1340 2894 dor
1358 2860 1604 2905 Reihcnfolge
1626 2862 1692 2896 ‹lcr
