1882 3163
112 675 165 716 17

178 94 236 136 34
638 93 782 129 LIBER
806 93 936 129 xxiii.
989 94 1089 129 CAP.
1119 100 1173 131 16.
1204 100 1256 130 17.

1587 113 1614 131 a.
1636 114 1662 131 u.
1684 107 1746 132 538.

180 202 278 243 dere
311 202 543 244 clamorem
576 201 686 243 lixae
720 202 976 258 calonesque
1010 206 1052 245 et
1077 204 1163 245 alia
1188 204 1315 245 turba
1342 203 1560 245 custodiae
1585 204 1746 258 inpedi-

180 265 421 303 mentorum
447 260 662 314 adposita,
694 263 742 302 ut
767 262 1028 315 paucitatem
1054 264 1238 304 maxime
1266 262 1562 316 spernentibus
1589 263 1743 305 Poenis

123 330 165 362 15
179 320 367 375 ingentis
399 322 575 373 repente
607 320 817 361 exercitus
852 322 1035 375 speeiem
1067 321 1226 364 fecerit.
1276 322 1347 362 vix
1379 321 1574 375 equidem
1607 322 1744 363 ausim

181 378 417 433 adfir,mare
451 378 564 433 quod
591 379 766 433 quidam
794 382 989 422 auctores
1017 383 1128 434 sunt,
1161 381 1243 422 duo
1271 380 1389 422 milia
1410 383 1453 421 et
1474 381 1745 446 octingentos

122 449 164 481 16
178 438 372 480 hostium
403 452 550 479 caesos
582 452 668 479 non
699 438 798 492 plus
830 439 1076 494 quingentis
1110 415 1401 482 Romanorum
1442 439 1627 493 amissis,
1673 439 1746 480 sed

181 498 270 539 sive
296 499 419 538 tanta
451 496 538 538 sive
570 497 711 538 minor
742 497 922 539 victoria
947 499 1040 552 fuit,
1072 499 1224 554 ingens
1251 513 1299 540 eo
1327 498 1394 539 die
1420 513 1499 548 res,
1527 512 1575 539 ac
1600 498 1744 539 nescio

181 571 237 598 an
269 557 456 597 maxima
489 556 563 597 illo
596 556 723 611 bello,
756 559 878 611 gesta
905 560 984 599 est:
1016 572 1105 600 non
1136 558 1251 599 vinci
1278 558 1391 598 enim
1419 558 1471 598 ab
1500 556 1744 598 Hannibale

179 615 450 658 vincentibus
484 614 700 656 difficilius
733 615 816 657 fuit
847 631 977 671 quam
1010 619 1159 670 postea
1192 617 1371 658 vincere.

301 674 521 716 Hannibal
554 689 629 728 spe
662 675 894 729 potiundae
926 674 1064 716 Nolae
1103 675 1302 729 adempta
1340 689 1434 716 cum
1468 675 1649 716 Acerras
1683 689 1748 716 re—

182 734 395 787 cessisset,
426 733 655 775 Marcellus
688 735 901 788 extemplo
936 734 1094 775 clausis
1126 734 1263 787 portis
1297 734 1629 788 custodibusque
1661 733 1744 775 dis-

180 793 348 847 positis,
373 807 425 834 ne
453 792 546 847 quis
568 793 849 847 egrederetur,
877 793 1173 846 quaestionem
1199 793 1244 833 in
1264 792 1357 833 foro
1386 792 1434 833 de
1461 793 1526 845 iis,
1547 793 1619 846 qui
1638 793 1745 834 clam

140 863 160 894 2
181 852 227 893 in
259 851 497 906 conloquiis
529 852 719 892 hostium
752 851 932 905 fuerant,
964 851 1136 905 habuit,
1169 866 1299 904 supra
1332 851 1609 905 septuaginta
1635 851 1749 891 dam·

180 914 307 952 natos
329 910 586 965 proditionis
614 911 752 951 securi
780 910 1002 964 percussit,
1028 910 1225 964 bonaque
1254 924 1396 950 eorum
1426 910 1552 951 iussit
1577 910 1749 964 publica

139 982 159 1012 3
180 970 329 1024 populi
350 969 534 1010 Romani
550 981 658 1022 esse,
692 971 733 1009 et
760 983 927 1010 summa
953 983 1095 1009 rerum
1124 969 1291 1010 senatui
1316 968 1474 1010 tradita
1507 983 1602 1010 cum
1629 983 1744 1010 exer-

181 1030 269 1070 citu
309 1028 425 1069 omni
465 1027 681 1081 profectus
721 1042 849 1081 supra
887 1026 1134 1069 Suessulam
1175 1028 1324 1069 castris
1357 1028 1509 1081 positis
1543 1027 1747 1069 consedit.

140 1087 351 1130 4Poenus
390 1086 573 1127 Acerras
619 1086 807 1140 primum
849 1087 902 1128 ad
934 1087 1223 1138 voluntariam
1263 1086 1521 1128 deditionem
1556 1088 1748 1127 vconatus

183 1146 398 1200 perlicere,
431 1148 661 1199 postquam
689 1146 930 1187 obstinatos
957 1145 1054 1186 inde
1080 1145 1209 1199 videt,
1241 1145 1435 1186 obsidere
1463 1147 1590 1211 atque
1618 1160 1749 1199 oppu-

141 1216 161 1248 5
183 1219 314 1260 gnare
347 1207 483 1259 parat.
534 1207 720 1246 ceterum
754 1204 984 1246 Acerranis
1017 1205 1113 1259 plus
1142 1205 1272 1246 animi
1305 1219 1432 1259 quam
1459 1205 1612 1245 virium
1639 1206 1749 1258 erat3

182 1265 325 1318 itaque
360 1263 584 1318 desperata
610 1264 747 1305 tutela
773 1264 905 1318 urbis,
939 1266 984 1305 ut
1010 1264 1322 1305 circumvallari
1347 1263 1516 1305 moenia
1541 1263 1750 1317 videiu,nt

181 1323 431 1378 priusquam
466 1323 817 1364 continuarentur
848 1323 1039 1364 hostium
1065 1337 1208 1377 opera,
1240 1337 1315 1377 per
1341 1322 1585 1363 intermissa
1610 1321 1751 1362 muni-

142 1395 161 1425 6
183 1384 328 1423 menta
365 1382 671 1436 neglectasque
710 1382 928 1423 custodias
968 1382 1138 1423 silentio
1176 1381 1315 1423 noctis
1355 1381 1508 1435 dilapsi
1546 1395 1622 1447 per
1659 1380 1749 1421 vias

182 1441 393 1495 inviaque,
427 1455 510 1494 qua
544 1455 754 1495 quemque
788 1443 862 1482 aut
895 1441 1121 1483 consilium
1155 1442 1229 1482 aut
1260 1455 1378 1482 error
1408 1441 1520 1491 tulit,
1552 1440 1596 1480 in
1623 1439 1750 1480 urbes

183 1545 299 1579 haber
331 1545 433 1579 einer
464 1544 598 1578 Flotte.
650 1564 693 1569 —
738 1545 935 1590 Aurelius]

184 1592 289 1626 nicht
314 1592 442 1626 weiter
467 1591 642 1625 bekannt.

233 1643 288 1673 14.
334 1641 365 1673 et
391 1638 469 1673 alia
495 1638 580 1682 etc]
608 1638 684 1672 und
712 1638 771 1673 die
798 1638 928 1682 u'brige

187 1686 319 1729 Sohar,
374 1685 485 1719 naml.
532 1685 735 1730 diejenige,
789 1686 931 1720 welche

186 1744 248 1767 zur
269 1733 345 1766 Hut
371 1733 435 1767 des
457 1732 609 1767 Trosses
629 1732 823 1767 bestimmt
842 1744 929 1776 war,

185 1780 290 1815 oder:
318 1780 391 1813 und
418 1778 680 1814 ausserdem
714 1780 773 1814 die
807 1779 931 1822 Sohar,

184 1827 325 1861 welche
352 1841 415 1869 -ς
445 1827 540 1861 denn
568 1827 736 1871 adposita
761 1826 811 1861 ist
830 1827 935 1861 nicht

187 1874 282 1909 auch
317 1873 384 1908 auf
415 1874 512 1908 limae
547 1875 755 1918 calonesque
790 1886 834 1908 zu
871 1875 930 1908 be-

186 1921 316 1956 ziehen
333 1922 365 1964 (§
379 1921 427 1965 8).
442 1941 486 1945 ——
501 1921 641 1966 fecerit]
659 1922 770 1955 naml.
787 1922 932 1956 clamor.

236 1972 291 2002 15.
326 1969 461 2013 ausim]
490 1968 592 2003 Coni.
620 1967 836 2012 potentialis
861 1979 935 2002 von

187 2015 310 2050 einem
344 2015 445 2050 alten
478 2015 630 2050 Perfekt
655 2016 757 2058 ausi,
797 2015 933 2049 ebenso

189 2062 328 2096 einmal
354 2063 453 2096 ausit
479 2064 526 2106 (5,
542 2066 575 2106 3,
592 2063 662 2105 10),
690 2073 763 2096 von
789 2063 867 2096 Liv.
896 2062 933 2096 in

187 2109 391 2153 negativen
424 2109 683 2152 Hauptsatzen
716 2109 934 2153 gebraucht,

188 2155 226 2190 in
267 2156 390 2189 einem
427 2155 615 2199 positiven
653 2155 761 2190 Satze
798 2166 869 2189 nur
902 2159 934 2197 6,

187 2205 244 2243 40,
276 2205 312 2243 53
352 2202 522 2246 dagegen
560 2202 633 2247 vgl.
670 2206 731 2246 22,
759 2206 821 2244 36,
851 2206 867 2235 1
895 2206 936 2237 ut

187 2250 252 2284 via:
280 2277 286 2284 .
309 2275 316 2283 .
338 2276 345 2283 .
374 2259 486 2283 ausus
510 2249 588 2283 sim.

239 2296 334 2341 quod
353 2307 384 2340 q.
406 2299 500 2330 anet.
521 2295 623 2341 sunt]
653 2295 823 2330 derselbe
843 2296 935 2329 Aus-

191 2342 308 2377 druck
346 2346 402 2386 30,
430 2346 486 2387 26,
514 2347 545 2387 7,
579 2359 624 2370 =
656 2343 751 2386 quod
787 2343 936 2386 quidam

190 2391 357 2432 tradunt,
384 2390 554 2434 dagegen
581 2393 638 2433 21,
660 2392 715 2432 38,
731 2393 753 2422 4
779 2390 834 2424 ita
859 2390 936 2433 qui-

190 2438 274 2472 dam
301 2448 334 2472 a.
363 2441 458 2471 sunt.
487 2437 571 2481 Vgl.
594 2440 651 2480 21,
675 2440 768 2480 47,4
796 2435 938 2471 Coelius

191 2487 318 2519 auctor
343 2487 393 2519 est
419 2485 478 2528 (=
498 2485 689 2519 memoriae
715 2484 842 2527 tradit)
869 2483 938 2517 mit

192 2533 278 2567 Ace.
305 2542 335 2567 0.
363 2530 428 2565 inf.

242 2582 295 2613 16.
324 2578 568 2623 vincentibus]
599 2589 674 2622 erg.
695 2588 733 2613 eo
753 2577 823 2620 die,
848 2580 935 2619 tum,

191 2624 316 2659 indem
336 2625 396 2659 ein
418 2624 626 2669 Gegensatz
646 2636 689 2658 zu
710 2627 837 2669 postea
856 2624 936 2658 hin-

192 2672 402 2716 zugedacht
421 2672 568 2707 werden
594 2671 702 2706 murs,
719 2692 763 2696 —-
777 2671 934 2716 vincere]

191 2718 293 2752 Dazu
331 2720 505 2754 erwartet
548 2730 634 2753 man
673 2718 780 2753 einen
816 2728 935 2753 neuen

191 2764 303 2800 Dativ
335 2764 375 2800 in
406 2766 693 2810 Entsprechung
723 2777 767 2800 zu
792 2766 935 2800 vincen-

191 2812 305 2856 tibus,
343 2812 469 2847 indem
502 2812 562 2848 die
596 2811 724 2857 Sieger
752 2812 813 2847 bei
837 2812 935 2847 Nola

191 2857 298 2892 nicht
323 2859 418 2893 auch
445 2859 505 2894 die
532 2860 703 2905 sp'ateren
724 2859 852 2904 Sieger
874 2858 934 2893 bei

1005 1545 1117 1579 Zama
1132 1544 1224 1579 sind.
1252 1543 1357 1579 Doch
1377 1543 1523 1578 scheint
1542 1543 1621 1578 Liv.
1641 1544 1750 1577 unter

1003 1592 1231 1626 vincentibus
1268 1591 1477 1635 tiberhaupt
1516 1590 1576 1624 die
1613 1590 1751 1624 Romer

1004 1651 1047 1672 zu
1074 1639 1279 1681 verstehen,
1317 1638 1388 1672 wie
1414 1651 1441 1672 z.
1469 1637 1508 1671 B.
1543 1637 1665 1681 Scipio
1692 1640 1749 1680 21,

1005 1689 1060 1728 40,
1082 1689 1102 1719 5
1129 1697 1195 1720 vor
1226 1686 1290 1719 der
1323 1684 1499 1719 Schlacht
1536 1695 1596 1719 am
1622 1683 1752 1718 Tessin

1005 1745 1049 1766 zu
1081 1732 1206 1767 seinen
1241 1732 1417 1776 Truppen
1452 1732 1551 1776 sagt:
1589 1741 1669 1767 cum
1703 1731 1752 1764 iis

1005 1783 1055 1814 est
1080 1781 1191 1822 vobis,
1217 1780 1358 1822 milites,
1382 1779 1638 1824 pmnandum,
1664 1787 1750 1822 quos

1007 1831 1106 1862 terra
1136 1827 1298 1870 marique
1332 1827 1458 1870 priore
1484 1826 1571 1860 bello
1603 1825 1750 1859 vicistis.

1055 1874 1119 1909 17.
1158 1878 1186 1908 1.
1224 1873 1436 1918 Hannibal]
1463 1871 1752 1916 ungewohnlich

1008 1932 1055 1955 an
1083 1921 1143 1955 die
1170 1920 1295 1965 Spitze
1322 1920 1385 1955 des
1410 1920 1661 1954 Nebensatzes
1688 1929 1750 1962 ge-

1007 1968 1120 2003 stellt.
1155 1988 1198 1992 —
1231 1968 1390 2002 Acerras
1415 1966 1597 2001 zwischen
1623 1965 1752 2010 Capua

1007 2027 1042 2049 u.
1062 2015 1170 2058 Nola,
1193 2018 1259 2049 332
1282 2027 1315 2050 v.
1338 2013 1422 2049 Chr.
1445 2014 1512 2048 mit
1534 2013 1599 2048 der
1620 2012 1752 2047 civitas

1007 2061 1084 2096 sine
1123 2061 1297 2105 suffragio
1343 2061 1546 2095 beschenkt
1591 2060 1684 2104 (Liv.
1712 2062 1745 2101 8,

1010 2112 1065 2151 17,
1094 2112 1155 2151 123
1181 2108 1276 2143 Vell.
1300 2112 1329 2150 1,
1352 2112 1407 2151 14,
1428 2109 1476 2151 4).

1056 2159 1087 2189 2.
1109 2155 1349 2199 proditionis]
1366 2154 1438 2187 Der
1448 2154 1580 2187 Veri-at
1594 2152 1752 2187 bestand

1007 2202 1047 2236 in
1074 2202 1157 2236 dem
1183 2201 1305 2235 Bruch
1338 2201 1401 2235 des
1429 2200 1654 2234 Bfindnisses
1681 2199 1750 2234 mit

1008 2249 1118 2291 Rom,
1146 2248 1225 2282 ihre
1246 2247 1361 2282 Gfiter
1380 2247 1528 2282 werden
1553 2247 1668 2282 daher
1693 2246 1751 2280 fiir

1008 2294 1103 2330 Rom
1129 2295 1366 2339 eingezogen.

1057 2346 1090 2376 4.
1117 2342 1333 2387 obstinatos]
1361 2340 1595 2375 Constructio
1622 2340 1669 2374 ad
1694 2339 1751 2374 in-

1010 2389 1215 2433 tellectum,
1231 2389 1285 2423 als
1300 2390 1346 2423 ob
1361 2387 1624 2432 vorausginge:
1639 2387 1753 2421 Acer-

1009 2446 1122 2471 ranos
1161 2436 1249 2480 (vgl.
1283 2436 1375 2480 Kap.
1400 2440 1454 2478 16,
1478 2436 1545 2478 11).
1579 2453 1622 2459 —
1648 2433 1748 2478 inde]

1010 2483 1119 2526 dann,
1133 2483 1285 2526 sodann,
1301 2482 1509 2527 Gegensatz
1519 2493 1562 2515 zu
1577 2481 1748 2525 primam.

1010 2550 1054 2555 —
1088 2530 1199 2576 videt]
1228 2529 1304 2575 vgl.
1327 2533 1357 2573 1,
1379 2532 1435 2573 58,
1454 2532 1476 2562 4
1501 2528 1566 2562 ubi
1590 2527 1750 2562 obstina-

1009 2580 1083 2612 tam
1107 2578 1269 2618 videbat;
1295 2580 1351 2619 27,
1373 2579 1404 2619 9,
1428 2579 1481 2610 14.

1057 2627 1088 2659 5.
1116 2625 1322 2659 continuar.
1326 2623 1340 2668 ]
1356 2634 1403 2658 an
1417 2621 1593 2656 einander
1607 2620 1749 2664 geffigt,

1008 2683 1052 2704 zu
1073 2671 1173 2705 einer
1191 2667 1625 2720 zusammenh'angenden
1639 2667 1749 2701 Kette

1008 2717 1222 2752 verbunden
1259 2716 1420 2751 wurden.
1449 2735 1492 2740 —
1517 2725 1584 2758 per
1607 2714 1749 2748 interm.

1006 2765 1124 2810 man]
1164 2764 1278 2799 durch
1316 2763 1375 2798 die
1409 2761 1567 2805 Stellen,
1600 2770 1656 2795 wo
1689 2760 1749 2795 die

1009 2811 1199 2846 Schanzen
1230 2809 1500 2845 unterbroehen
1533 2807 1609 2842 und
1640 2807 1749 2842 keine

1007 2857 1174 2895 Wachen
1199 2856 1414 2903 aufgestellt
1438 2866 1573 2890 waren.
