1882 3163
124 173 153 191 a.
181 164 247 191 chr.
273 172 302 190 n.
328 165 389 191 215.
656 154 801 189 LIBER
825 154 974 189 XXIIII.
1015 153 1117 190 CAP.
1145 160 1177 191 8.
1645 153 1698 194 17

125 264 242 318 poris
273 278 351 305 nec
381 263 484 305 iuris
516 263 728 304 inclusum
761 262 987 317 angustiis,
1019 279 1103 318 quo
1130 265 1271 306 minus
1304 263 1368 304 ita
1399 262 1544 304 omnia
1572 265 1696 318 gerat

126 323 502 378 administretque,
534 324 582 363 ut
612 324 808 375 tempora
838 323 1120 374 postulabunt
1152 324 1273 365 belli:
1314 322 1439 364 nobis
1473 324 1617 363 autem
1648 322 1694 363 in
1722 333 1742 364 8

126 384 339 436 apparatu
369 382 465 436 ipso
493 396 541 422 ac
567 382 739 422 tantum
771 380 1074 423 incohantibus
1107 396 1174 423 res
1209 397 1344 423 annus
1379 381 1696 437 circumagitur.

125 441 342 495 quoniam,
374 440 522 495 quales
555 439 670 481 viros
697 453 839 480 creare
865 453 941 481 vos
969 441 1166 482 consules
1194 441 1352 494 deceat,
1387 441 1490 482 satis
1519 443 1584 482 est
1610 440 1696 482 dic-
1721 452 1741 483 9

125 503 237 553 tum,
269 502 418 553 restat,
458 501 505 541 ut
536 513 673 552 pauca
704 498 754 539 de
787 499 864 552 eis,
902 498 948 540 in
980 514 1086 553 quos
1119 499 1445 555 praerogativae
1478 499 1600 541 favor
1631 500 1696 540 in-

124 558 323 612 clinavit,
362 558 512 599 dicam.
573 556 630 598 M.
662 556 874 598 Aemilius
912 557 1107 613 Regillus
1149 559 1307 600 flamen
1346 561 1412 599 est
1447 558 1693 609 Quirinalis,
1726 571 1769 603 10

126 631 252 672 quem
284 631 420 672 neque
452 617 622 658 mittere
655 631 681 657 a
713 617 845 657 sacris
877 631 1014 672 neque
1046 618 1230 659 retinere
1262 632 1500 671 possumus,
1532 620 1581 659 ut
1605 633 1696 660 non

125 677 251 717 deum
279 679 354 718 aut
378 676 480 717 belli
507 676 752 717 deseramus
779 690 937 718 curam.
988 675 1197 718 Otacilius
1226 677 1386 718 sororis
1413 691 1532 717 meae
1558 677 1696 718 filiam
1724 689 1766 720 11

124 748 302 777 uxorem
338 738 464 790 atque
497 749 546 776 ex
579 749 629 776 ea
660 735 820 776 liberos
859 734 1008 777 habet:
1049 738 1235 777 ceterum
1273 751 1361 777 non
1394 750 1442 776 ea
1473 739 1618 777 vestra
1650 736 1696 777 in

125 809 194 835 me
232 794 500 848 maioresque
539 808 657 835 meos
696 794 848 835 merita
889 797 1005 848 sunt,
1046 797 1095 836 ut
1132 810 1222 837 non
1261 795 1473 849 potiorem
1514 795 1696 849 privatis

125 853 512 894 necessitudinibus
538 867 630 894 rem
656 853 875 907 publicam
901 853 1095 895 habeam.
1139 854 1319 908 quilibet
1344 856 1574 895 nautarum
1600 868 1696 896 vec·
1725 867 1766 897 12

125 914 350 967 torumque
395 912 629 967 tranquillo
674 913 782 953 mari
825 913 1063 967 gubernare
1107 916 1268 967 potest:
1313 913 1387 954 ubi
1429 927 1559 954 saeva
1600 915 1697 954 orta

124 973 361 1025 tempestas
403 973 468 1012 est
500 986 549 1012 ac
580 972 754 1012 turbato
794 972 902 1013 mari
939 973 1105 1026 rapitur
1142 974 1270 1014 vento
1303 972 1446 1027 navis,
1478 975 1570 1013 tum
1602 973 1695 1014 viro

125 1034 169 1071 et
200 1030 489 1085 gubernatore
523 1045 630 1084 opus
663 1033 740 1073 est.
795 1045 883 1072 non
913 1032 1146 1085 tranquillo
1185 1032 1460 1087 navigamus,
1499 1031 1572 1073 sed
1607 1032 1694 1073 iam
1724 1045 1766 1076 13

125 1089 291 1144 aliquot
322 1090 519 1143 procellis
553 1089 765 1131 submersi
796 1104 932 1144 paene
966 1105 1128 1132 sumus:
1162 1091 1304 1146 itaque
1338 1091 1432 1145 quis
1460 1091 1513 1131 ad
1539 1091 1695 1145 guber-

126 1149 280 1189 nacula
312 1148 468 1202 sedeat,
501 1163 670 1190 summa
696 1163 796 1190 cura
828 1149 1139 1202 providendum
1173 1164 1221 1191 ac
1252 1150 1594 1204 praecavendum
1621 1164 1695 1191 vo-

127 1207 193 1248 bis
227 1210 302 1248 est.
352 1208 396 1248 in
427 1208 592 1249 minore
618 1211 660 1249 te
688 1208 863 1262 experti,
895 1208 940 1250 T.
965 1208 1134 1263 Otacili,
1165 1224 1210 1249 re
1237 1224 1401 1250 sumus:
1434 1208 1549 1250 haud
1577 1223 1695 1263 sane,

125 1280 201 1307 cur
233 1266 284 1307 ad
317 1267 480 1308 maiora
505 1267 585 1308 tibi
612 1267 804 1317 fidamus,
837 1267 1082 1309 documenti
1114 1268 1341 1322 quicquam
1367 1267 1536 1309 dedisti.
1587 1268 1693 1309 clas·
1724 1282 1767 1312 14

126 1339 216 1365 sem
249 1325 331 1366 hoc
362 1340 485 1379 anno,
520 1326 587 1366 cui
611 1328 660 1367 tu
686 1326 925 1381 praefuisti,
956 1327 1088 1367 trium
1115 1341 1257 1368 rerum
1284 1341 1411 1368 causa
1435 1327 1695 1381 paravimus,

127 1386 174 1424 ut
194 1384 365 1425 Africae
392 1399 512 1426 oram
538 1385 830 1439 popularetur,
862 1388 909 1426 ut
935 1388 1029 1427 tuta
1055 1386 1179 1427 nobis
1202 1385 1357 1427 Italiae
1384 1386 1512 1427 litora
1539 1388 1696 1441 essent,

128 1445 228 1484 ante
262 1444 406 1484 omnia
437 1459 489 1485 ne
524 1444 870 1497 supplementum
902 1459 998 1486 cum
1032 1445 1245 1499 stipendio
1279 1447 1607 1499 commeatuque
1640 1445 1694 1486 ab

127 1501 390 1557 Carthagine
416 1502 652 1544 Hannibali
683 1506 1064 1557 transportaretur.
1114 1507 1255 1546 create
1281 1504 1501 1545 consulem
1527 1504 1573 1545 Τ.
1595 1503 1694 1546 Ota·
1725 1516 1768 1547 15

126 1654 379 1697 fiberstellen',
406 1654 584 1689 wahrend
609 1666 663 1697 83,
696 1666 769 1689 von
801 1654 873 1689 den

126 1701 514 1746 Gladiatorenspielen
571 1702 872 1747 hergenommen‚

126 1748 329 1792 eigentlich
373 1749 438 1783 das
482 1749 868 1784 ‘Zusammenstellen’

126 1795 192 1829 der
217 1795 488 1840 Fechterpaare
514 1796 747 1838 bezeichnet3
782 1797 872 1831 ahu-

126 1842 202 1876 lich
227 1842 293 1884 30,
320 1846 382 1886 28,
409 1846 429 1877 8
462 1843 587 1887 Scipio
620 1847 652 1878 et
677 1844 873 1878 Hannibal

126 1890 221 1924 velut
254 1891 302 1924 ad
333 1901 536 1934 supremum
571 1894 749 1925 certamen
781 1901 871 1925 com-

120 1938 254 1980 parati
279 1937 394 1971 dum.

174 1984 370 2030 inclusum]
401 1984 668 2026 ‘beschri'mktZ
694 1985 778 2019 incl.
805 1996 871 2019 an-

124 2032 258 2075 qustiis
286 2031 453 2075 ‘beengt'
483 2048 527 2060 =
553 2032 765 2075 impeditam
796 2032 871 2065 und

127 2078 258 2122 daher,
291 2078 359 2112 wie
386 2079 522 2122 dieses,
555 2078 624 2112 mit
649 2090 718 2122 quo
750 2080 871 2114 minus

126 2125 348 2160 construiert
373 2127 384 2169 ζ
388 2125 434 2159 ist
461 2125 733 2171 Singularitat).

173 2176 204 2208 8.
233 2173 502 2218 incohantibus]
531 2174 597 2207 das
624 2173 722 2207 Part.
751 2173 870 2208 einem

125 2219 273 2254 adverb.
295 2220 489 2255 Ausdruck
511 2221 565 2264 (in
591 2223 791 2265 apparatu)
813 2232 871 2256 co-

126 2266 320 2309 ordiniert;
347 2280 373 2302 s.
401 2272 433 2308 2,
460 2271 491 2302 9.

174 2318 205 2348 9.
245 2314 432 2360 quoniam]
469 2315 695 2358 ‘nachdem’‚
730 2315 871 2359 cigent-

126 2360 201 2395 licb
230 2361 293 2395 ‘da
307 2361 362 2405 ja’
382 2378 424 2390 =
442 2361 638 2397 ‘nachdcm
660 2362 870 2407 nunmehr',

126 2408 245 2442 bildet
271 2408 329 2442 die
356 2410 526 2443 transitio
557 2421 639 2443 zum
670 2409 871 2444 nachstfol-

126 2455 289 2499 genden,
322 2455 418 2498 hier,
453 2455 522 2490 wic
554 2459 664 2489 restat
690 2460 730 2490 ut
762 2457 869 2501 zeigt,

126 2502 296 2546 zugleich
322 2503 459 2537 letztcn
488 2503 617 2537 Theile
644 2503 708 2537 der
732 2503 842 2538 Rede.

177 2552 230 2584 10.
256 2549 393 2583 Fabius
414 2552 512 2593 sagt:
538 2549 726 2593 ‘obglcich
748 2551 871 2584 Aemi-

126 2595 198 2630 lius
232 2597 291 2631 ein
321 2597 511 2641 tfichtigcr
537 2596 780 2641 Kricgsmann
813 2597 871 2640 ist,

127 2654 167 2678 so
205 2643 291 2677 darf
325 2655 364 2678 er
403 2644 458 2677 als
495 2645 627 2687 flamen
665 2644 872 2688 Quirinalis

127 2690 332 2732 (andei-swo
360 2691 449 2725 wird
477 2703 515 2725 er
538 2692 573 2734 sl.
596 2692 784 2725 Martialis
810 2703 871 2735 ge-

127 2739 256 2781 nannt)
289 2738 393 2773 nicht
418 2738 454 2772 in
482 2739 551 2772 (len
580 2738 693 2781 Krieg
725 2738 868 2772 zichcn'

127 2784 236 2827 (auch
263 2785 346 2819 dem
372 2787 407 2828 sl.
431 2786 624 2819 Martialis
649 2786 722 2819 und
751 2786 872 2819 Dialis

127 2842 205 2864 war
230 2843 268 2866 es
295 2833 488 2875 verbotcn,
523 2832 588 2867 auf
615 2833 762 2875 langere
793 2832 872 2867 Zcit

128 2877 186 2911 die
208 2877 317 2913 Stadt
335 2891 377 2913 zu
405 2880 622 2923 verlasscu);
653 2880 870 2924 ‘allerdings

127 2924 298 2969 verlangt
323 2926 382 2960 die
403 2926 606 2961 Rficksicht
633 2927 696 2961 des
716 2926 868 2971 Krieges

200 2991 259 3015 Tit.
280 2991 344 3015 Liv.
372 2992 404 3017 Β.
428 2994 468 3018 2⁴.

945 1655 1158 1700 eigentlich,
1192 1656 1273 1690 dass
1300 1655 1367 1690 wir
1398 1656 1474 1690 ibn
1506 1656 1609 1691 nicht
1635 1669 1694 1691 zu-

944 1703 1186 1747 ri'ickhalten,
1223 1702 1403 1738 Otacilius
1443 1703 1611 1748 dagegen
1646 1705 1695 1739 ist

944 1750 1051 1785 nicht
1073 1762 1116 1784 zu
1143 1750 1382 1794 empfehlen’.

992 1797 1112 1842 deum]
1146 1797 1206 1832 bei
1239 1797 1316 1833 Liv.
1351 1798 1519 1842 h'aufiger
1548 1798 1602 1832 als
1634 1799 1693 1832 de-

946 1855 1068 1886 orum,·
1100 1845 1195 1879 auch
1224 1845 1392 1887 liberum,
1424 1846 1561 1879 socium
1593 1857 1627 1880 u.
1661 1857 1693 1880 a.

947 1892 995 1926 ist
1034 1892 1177 1935 haufig,
1216 1892 1333 1926 selbst
1369 1892 1469 1926 beim
1501 1893 1585 1937 Adj.
1622 1893 1693 1927 wie

944 1942 963 1980 ξ
992 1943 1045 1973 17.
1075 1942 1129 1981 19,
1159 1943 1188 1974 1.
1215 1943 1272 1982 49,
1301 1943 1332 1974 7.

995 1990 1047 2021 11.
1074 1997 1149 2019 ‘non
1169 1986 1224 2030 ea]
1247 1986 1313 2019 wir
1327 1997 1441 2031 sagen
1457 1987 1693 2022 bestimmter

947 2032 1067 2067 ‘nicht
1093 2044 1132 2067 so
1159 2032 1318 2077 geriug’.

987 2081 1164 2124 potiorem
1201 2080 1344 2126 habere]
1382 2081 1518 2115 cbenso
1557 2080 1623 2124 23,
1657 2085 1690 2123 3,

945 2131 966 2161 4
1011 2131 1051 2160 ut
1083 2128 1262 2171 potiorem
1300 2129 1359 2162 ira
1396 2128 1547 2162 salutem
1587 2132 1693 2173 atque

944 2175 1138 2209 utilitatem
1164 2179 1316 2209 vestram
1336 2176 1507 2210 habeatis.
1544 2177 1692 2211 necessi-

945 2222 1137 2256 tudinibus
1171 2222 1218 2256 ist
1254 2223 1330 2257 also
1364 2223 1446 2257 Abl.
1486 2225 1691 2267 comparat.

945 2269 1002 2303 fiir
1022 2281 1129 2313 quam
1150 2269 1219 2304 mit
1239 2269 1525 2314 Objectsaccus..
1552 2270 1611 2304 ein
1632 2270 1692 2305 bei

945 2315 1122 2351 Dichtern
1139 2317 1426 2359 gewbhnlicbcr,
1447 2318 1484 2351 in
1500 2317 1564 2351 der
1579 2318 1692 2352 Prosa

946 2363 1104 2398 seltener
1139 2364 1350 2406 Gebrauch,
1391 2365 1455 2398 der
1491 2364 1568 2398 sich
1605 2364 1694 2398 aber

945 2411 1086 2445 sowohl
1107 2411 1166 2445 bei
1188 2410 1260 2446 Cic.
1288 2412 1342 2445 als
1363 2412 1457 2445 auch
1478 2411 1538 2445 bei
1560 2411 1695 2446 Caesar

944 2458 1075 2501 findet,
1109 2471 1134 2491 s.
1164 2458 1233 2491 BG.
1265 2458 1296 2501 7,
1326 2462 1382 2499 19,
1413 2462 1432 2491 5
1466 2459 1541 2492 nisi
1572 2469 1694 2492 eorum

944 2506 1055 2538 vitam
1081 2516 1149 2538 saa
1174 2506 1290 2539 salute
1315 2506 1443 2539 habeat
1470 2506 1655 2540 cariorem.

995 2556 1047 2585 1⁶2.
1090 2553 1168 2585 viro
1200 2555 1230 2585 ct
1262 2553 1516 2597 yzcbcrnatorc]
1550 2552 1624 2597 vgl.
1660 2552 1692 2596 l,

945 2603 1006 2640 46,
1041 2603 1060 2632 6
1100 2610 1177 2632 cum
1213 2600 1328 2633 virum
1362 2600 1477 2633 (Iiccrc
1515 2610 1558 2633 ac
1594 2601 1693 2643 reqio

943 2646 1123 2688 sanquine
1148 2650 1287 2680 ortam:
1316 2646 1390 2681 ‘eiu
1418 2657 1551 2689 ganzor
1578 2646 1642 2680 M.’

996 2697 1047 2726 13.
1077 2693 1290 2737 tranquillo]
1314 2694 1498 2728 substant.
1518 2694 1612 2737 Adj„
1640 2694 1691 2728 im

946 2739 1056 2774 Sinnc
1083 2751 1153 2774 von
1182 2742 1381 2784 tranquillo
1413 2742 1509 2775 mari
1538 2741 1606 2775 wie
1631 2741 1692 2783 26,

945 2791 1001 2829 51,
1018 2791 1036 2821 6
1065 2788 1262 2831 tranquillo
1285 2790 1323 2821 in
1344 2789 1455 2822 altum
1483 2789 1601 2822 evecti.
1639 2789 1691 2822 Im

946 2835 1151 2877 Gegcusatz
1172 2847 1214 2868 zu
1237 2836 1414 2878 procellae
1438 2836 1533 2869 auch
1553 2834 1613 2879 28,
1636 2840 1691 2878 27,

947 2885 987 2914 11
1016 2885 1081 2914 aut
1107 2883 1343 2926 tranquillam
1366 2886 1429 2917 aut
1450 2884 1631 2926 procellae
1651 2884 1694 2917 in

947 2928 1042 2962 uobis
1068 2933 1162 2964 sunt.

1386 2993 1405 3023 2
