1882 3163
63 655 103 686 11
131 641 306 696 templis
345 641 676 695 porticibusque.

57 943 107 979 58

133 122 190 164 86
595 120 737 155 LlBER
762 121 874 156 XXII.
926 120 1028 156 CAP.
1055 125 1110 157 57.
1139 125 1193 156 58.

1541 138 1565 156 a.
1586 138 1614 158 u.
1634 131 1694 158 538-

132 229 258 272 Philo
292 230 493 284 conlegae
525 243 683 283 paucos
725 230 825 283 post
862 227 952 269 dies
987 227 1219 270 Canusium
1258 228 1428 283 magnis
1468 228 1692 270 itineribus

84 301 104 332 9
133 288 366 331 contendit.
413 288 517 329 Inde
546 287 730 329 dictator
756 301 806 328 ex
833 287 1086 329 auctoritate
1113 290 1283 341 patrum
1311 287 1448 328 dictus
1470 285 1525 328 M.
1545 286 1694 329 Iunius

131 350 173 389 et
198 347 262 388 Ti.
289 346 566 401 Sempronius
599 347 805 401 magister
837 345 1028 400 equitum
1061 345 1218 387 dilectu
1250 345 1388 387 edicto
1418 345 1606 387 iuniores
1640 346 1693 387 ab

132 406 256 448 annis
290 405 593 460 septemdecim
625 408 668 447 et
693 404 900 460 quosdam
926 407 1219 459 praetextatos
1247 404 1450 446 scribunt.
1493 406 1696 459 quattuor

63 479 104 510 10
132 479 183 506 ex
214 465 282 506 his
315 464 509 520 legiones
544 467 586 505 et
616 464 733 505 mille
766 462 929 517 equites
963 463 1112 505 effecti.

1174 463 1277 504 item
1310 463 1362 504 ad
1396 463 1533 505 socios
1578 461 1695 504 Lati-

130 538 318 579 numque
338 537 495 564 nomen
517 522 569 564 ad
589 522 748 564 milites
775 536 825 563 ex
851 521 1035 563 formula
1055 521 1324 576 accipiendos
1347 521 1538 563 mittunt.
1576 536 1696 563 arma

131 583 220 624 tela
261 582 347 624 alia
391 582 533 636 parari
575 581 742 636 iubent,
784 584 827 623 et
864 583 1008 622 vetera
1051 580 1191 635 spolia
1234 580 1424 622 hostium
1463 579 1696 622 detrahunt

738 642 781 681 et
821 639 1005 681 formam
1043 639 1144 681 novi
1183 639 1364 681 dilectus
1406 639 1553 694 inopia
1591 639 1697 680 libe-

130 714 276 742 rorum
309 699 496 754 capitum
529 714 577 741 ac
608 698 840 740 necessitas
883 698 1015 739 dedit:
1061 700 1157 739 octo
1195 698 1316 739 milia
1353 698 1553 740 iuvenum
1590 698 1696 738 vali-

131 759 283 801 dorum
305 773 355 800 ex
377 758 562 800 servitiis
589 758 707 812 prius
735 757 1000 799 sciscitantes
1029 756 1236 811 singulos,
1262 757 1476 798 vellentne
1495 757 1694 809 militare,

62 832 105 864 12
133 820 279 872 empta
298 817 467 872 publice
491 819 777 858 armaverunt.
820 815 891 856 hic
917 815 1041 856 miles
1068 815 1206 870 magis
1234 815 1408 869 placuit,
1440 830 1536 857 cum
1556 815 1695 870 pretio

132 877 296 918 minore
328 875 564 917 redimendi
597 875 789 929 captivos
823 874 948 927 copia
979 874 1111 914 fieret.

250 934 447 990 Namque
485 934 704 976 Hannibal
749 932 980 975 secundum
1018 934 1109 973 tam
1147 939 1398 986 prosperam
1438 932 1491 973 ad
1523 931 1694 975 Cannas

130 1008 320 1049 pugnam
358 994 532 1035 victoris
572 993 712 1047 magis
752 1006 879 1046 quam
916 991 1075 1032 bellum
1109 991 1294 1045 gerentis
1332 991 1524 1032 intentus
1570 991 1697 1046 curis,

83 1064 102 1093 2
132 1067 227 1094 cum
272 1052 454 1106 captivis
499 1051 718 1106 productis
765 1049 1086 1105 segregatisque
1132 1049 1290 1103 socios,
1342 1049 1452 1090 sicut
1497 1052 1597 1091 ante
1643 1050 1696 1091 ad

131 1111 334 1152 Trebiam
354 1111 781 1163 Trasumennumque
801 1109 954 1162 lacum,
981 1108 1165 1163 benigne
1192 1108 1417 1149 adlocutus
1447 1108 1538 1149 sine
1557 1109 1697 1163 pretio

131 1169 381 1221 dimisisset,
426 1168 646 1210 Romanos
695 1181 861 1222 quoque
905 1169 1098 1220 vocatos,
1150 1166 1262 1221 quod
1313 1181 1547 1221 numquam
1592 1167 1697 1209 alias

88 1240 107 1270 3
136 1230 283 1282 antea,
328 1228 432 1269 satis
472 1227 568 1268 miti
610 1241 804 1268 sermone
843 1225 1105 1280 adloquitur:
1151 1239 1239 1267 non
1277 1226 1584 1267 internecivum
1617 1225 1700 1267 sibi

135 1301 227 1329 esse
255 1301 350 1328 cum
370 1286 577 1328 Romanis
609 1286 790 1338 bellum3
822 1285 872 1326 de
906 1284 1116 1339 dignitate
1149 1286 1276 1338 atque
1308 1284 1490 1338 imperio
1524 1287 1698 1326 certare.

132 1349 175 1388 et
212 1348 357 1401 patres
396 1346 544 1386 virtuti
583 1345 806 1386 Romanae
845 1343 1041 1398 cessisse,
1086 1346 1129 1384 et
1161 1357 1205 1384 se
1237 1343 1280 1384 id
1319 1342 1472 1397 adniti,
1516 1345 1564 1384 ut
1598 1357 1699 1385 suae

87 1416 108 1446 4
136 1405 179 1446 in
210 1406 342 1446 vicem
381 1404 507 1446 simul
539 1403 740 1446 felicitati
772 1405 815 1444 et
851 1402 1002 1444 virtuti
1041 1402 1227 1444 cedatur.
1282 1402 1428 1456 itaque
1460 1402 1698 1444 redimendi

137 1478 181 1505 se
214 1463 394 1518 captivis
427 1463 595 1517 copiam
628 1462 792 1515 facere,
823 1461 1009 1516 pretium
1041 1461 1132 1502 fore
1164 1461 1209 1502 in
1243 1461 1385 1514 capita
1418 1460 1552 1515 equiti
1577 1461 1698 1516 quin-

131 1614 193 1649 via
210 1614 333 1659 Appia
347 1614 385 1648 in
401 1613 639 1658 Campanien,
654 1624 735 1647 zum
750 1611 880 1647 Unter-

133 1661 282 1697 schiede
307 1672 380 1696 von
406 1661 446 1695 T.
474 1660 647 1705 Apulum.

180 1736 212 1766 9.
242 1735 295 1767 10.
335 1742 377 1766 ex
403 1734 501 1766 auct.
521 1734 685 1775 patrum,
716 1729 880 1764 insofern

132 1778 193 1813 ein
225 1778 505 1813 Senatsconsult
537 1778 609 1812 den
647 1776 764 1811 Varro
800 1776 878 1811 auf-

132 1825 295 1860 forderte
313 1825 420 1860 einen
433 1825 603 1860 Dictator
617 1837 661 1858 zu
675 1834 878 1865 ernennen3

131 1875 185 1907 M.
206 1873 358 1915 Iunius,
377 1872 447 1906 mit
467 1872 551 1906 dem
571 1872 761 1906 Zunamen
773 1870 875 1905 Pera.

132 1939 176 1945 ·—-
203 1930 297 1964 may.
317 1920 486 1964 equitum,
508 1919 639 1954 dessen
658 1917 878 1962 Bestellung

133 1968 236 2001 sonst
256 1967 374 2002 Sache
395 1967 459 2001 des
478 1966 664 2001 Dictators
684 1965 744 2008 ist,
765 1969 796 2007 9,
820 1968 876 2006 38,

135 2017 188 2048 15.
215 2034 261 2038 —
287 2014 397 2048 annis
421 2017 507 2057 sept.
551 2012 627 2047 Das
656 2016 710 2046 17.
738 2011 878 2046 Alters-

131 2060 215 2104 jahr
252 2060 303 2095 ist
338 2060 397 2094 die
433 2060 512 2094 Zeit
549 2060 614 2094 des
653 2059 878 2101 tirocinium,

132 2107 208 2140 und
246 2107 313 2141 das
355 2106 537 2141 Antreten
573 2106 768 2140 desselben
810 2104 880 2139 mit

133 2154 198 2188 der
221 2153 421 2198 Anlegung
446 2153 510 2188 der
534 2154 625 2196 toga
650 2152 780 2195 virilis,
807 2151 877 2185 wie

134 2200 194 2234 die
213 2200 496 2244 Zurficklegung
515 2199 584 2234 mit
604 2199 687 2233 dem
701 2198 878 2232 Eintritte

133 2246 173 2281 in
199 2247 264 2282 das
284 2245 381 2281 Heer
400 2246 627 2290 bezeichnet,
654 2250 710 2287 25,
731 2250 763 2288 5,
785 2249 817 2279 8.
835 2264 875 2269 —-

134 2305 177 2328 ex
213 2294 390 2336 formula,
430 2293 541 2328 ‘nach
578 2292 642 2327 der
672 2291 876 2334 Matrikel',

135 2344 191 2383 27,
222 2345 276 2385 10,
303 2344 322 2374 2
350 2340 486 2375 milites
511 2350 555 2375 ex
580 2339 604 2374 f.
631 2340 792 2384 paratos.

186 2415 238 2447 11.
268 2415 321 2445 12.
351 2411 436 2445 novi
460 2409 594 2444 nimmt
613 2409 684 2444 den
704 2408 818 2443 sehon
839 2407 877 2442 in

136 2458 249 2493 aliam
267 2457 464 2503 liegenden
484 2455 627 2501 Begriff
649 2456 880 2491 bestimmter

136 2506 210 2541 auf.
239 2526 282 2530 —-
309 2508 385 2540 octo
404 2515 448 2539 m.
477 2505 571 2538 auch
592 2504 753 2547 volones,
780 2501 880 2536 Frei-

136 2552 289 2597 willige,
304 2553 478 2596 genanut,
505 2555 560 2594 23,
582 2554 638 2594 32,
661 2554 691 2584 1.
707 2571 749 2575 -
764 2550 880 2594 mayis

131 2600 285 2644 placuit.
338 2598 476 2633 Seneca
507 2609 583 2633 exc.
615 2598 729 2632 contr.
758 2601 804 2640 5,
842 2600 881 2631 7:

136 2646 295 2690 populus
323 2646 511 2680 Romanus
532 2644 715 2680 Cannensi
738 2642 880 2688 proelio

138 2693 176 2726 in
203 2704 364 2727 summas
388 2693 557 2727 redactus
578 2690 780 2737 angustias,
800 2701 883 2725 cum

139 2750 327 2774 servorum
364 2739 591 2774 desideraret
622 2738 778 2781 auxilia,
827 2747 884 2771 ca-

140 2785 326 2829 ptivorum
347 2786 570 2831 contempsit
591 2788 629 2820 et
648 2784 807 2820 credidit
824 2794 884 2819 eos

139 2832 353 2867 libertatem
378 2833 496 2877 magis
528 2832 626 2867 tueri
659 2842 784 2877 posse,
821 2830 885 2874 qui

139 2889 327 2922 nunquam
372 2879 609 2923 habuissent,
666 2890 777 2923 quam
822 2877 884 2920 qui

952 1610 1210 1655 perdidissent.
1261 1610 1330 1645 Die
1368 1610 1534 1645 Freiheit
1570 1610 1698 1646 wurde

952 1658 1066 1693 ihnen
1092 1659 1167 1692 erst
1191 1658 1243 1691 im
1261 1657 1292 1692 J.
1315 1661 1384 1692 214
1403 1656 1597 1692 bestimmt
1615 1668 1698 1692 ver-

954 1704 1138 1749 sprochen
1163 1705 1238 1739 und
1264 1705 1359 1739 auch
1385 1704 1607 1749 gesehenkt,
1640 1708 1697 1749 24,

955 1755 1010 1795 14,
1031 1756 1051 1786 5
1076 1751 1152 1786 und
1173 1755 1229 1795 16,
1250 1755 1281 1794 9,
1301 1751 1396 1786 nach
1409 1750 1558 1795 Appian
1577 1751 1698 1786 Hann.

953 1802 997 1834 27
1026 1798 1139 1833 sehon
1168 1798 1270 1844 jetzt.
1306 1819 1345 1823 —-
1384 1799 1600 1842 redimendi,
1634 1798 1700 1833 das

954 1845 1178 1891 eigentliche
1211 1845 1374 1880 Verbum
1412 1856 1499 1880 vom
1536 1844 1702 1881 Loskauf

951 1893 1016 1927 der
1054 1891 1310 1937 Gesangenen,
1358 1892 1417 1927 die
1456 1891 1622 1927 dadurch
1659 1892 1698 1927 in

951 1939 1032 1974 ihre
1051 1939 1199 1975 friihere
1216 1939 1387 1983 Stellung
1403 1938 1693 1983 zursickkehren,

952 1998 980 2021 c.
1003 1990 1059 2030 59,
1086 1990 1118 2021 6.
1148 1991 1176 2021 7.
1210 1990 1263 2020 11.
1303 1985 1372 2021 Die
1392 1986 1577 2021 namliche
1596 1986 1696 2022 Kon-

952 2033 1138 2068 struktion
1174 2044 1202 2067 c.
1231 2037 1293 2076 58,
1325 2037 1364 2075 4;
1405 2033 1574 2078 dagegen
1605 2037 1625 2076 ξ
1653 2037 1697 2068 11

951 2084 1069 2124 empta
1088 2090 1160 2114 von
1180 2080 1250 2114 den
1266 2079 1427 2114 Sklaven
1436 2079 1506 2114 wie
1523 2090 1554 2115 c.
1570 2083 1626 2124 59,
1643 2084 1697 2115 12.

997 2196 1161 2238 58—61,
1192 2199 1244 2230 10.
1295 2194 1381 2229 Der
1409 2194 1696 2239 angebotene

950 2242 1156 2278 Loskauf
1174 2242 1250 2276 der
1270 2241 1696 2287 romGefangenen.

949 2290 1033 2334 Vgl.
1061 2302 1104 2324 zu
1140 2301 1169 2323 c.
1198 2292 1242 2324 58
1282 2288 1408 2333 Polyb.
1437 2292 1475 2331 6,
1513 2293 1568 2324 58.
1621 2288 1695 2325 Cic.

952 2337 1043 2372 offic.
1071 2341 1103 2379 3,
1131 2340 1186 2379 32,
1215 2340 1292 2370 113.

999 2411 1100 2441 1—3.
1127 2407 1333 2449 secundum,
1360 2418 1405 2440 zu
1431 2410 1490 2449 21,
1516 2410 1572 2451 45,
1599 2410 1631 2441 8.
1654 2427 1698 2432 —

953 2454 1002 2488 ad
1031 2454 1200 2489 Trebiam
1232 2457 1294 2489 etc.
1333 2453 1383 2488 ist
1418 2458 1479 2498 21,
1514 2457 1557 2488 57
1595 2453 1700 2488 nicht

953 2501 1138 2543 erw'ahnt,
1172 2500 1344 2545 dagegen
1370 2500 1435 2535 der
1466 2499 1595 2535 zweite
1614 2500 1698 2534 Fall

953 2559 983 2583 c.
1013 2552 1049 2592 7,
1083 2551 1114 2582 5.
1155 2568 1199 2573 —
1237 2549 1315 2583 sine
1343 2548 1482 2592 pretio,
1521 2546 1698 2581 wahrend

953 2595 1073 2629 Hann.
1109 2594 1205 2630 nach
1244 2606 1273 2630 c.
1300 2598 1364 2638 52,
1401 2598 1420 2629 3
1459 2597 1528 2628 200
1553 2592 1697 2628 Denare

954 2653 1019 2687 per
1045 2641 1147 2686 Kopf
1169 2642 1341 2686 verlangt
1366 2641 1482 2676 hatte.
1519 2660 1562 2665 —
1595 2651 1698 2674 num-

956 2700 1065 2733 quam
1091 2689 1137 2723 al.
1171 2700 1201 2723 c.
1228 2691 1268 2731 8,
1295 2692 1325 2723 6.
1359 2708 1402 2713 —
1436 2688 1479 2723 de
1508 2687 1697 2732 dignitate,

957 2739 1112 2780 erganze
1153 2735 1264 2770 ‘nur⁷.
1305 2755 1347 2759 —
1391 2734 1538 2776 virtuti,
1582 2733 1697 2779 allge-

955 2782 1096 2817 meiner
1128 2782 1182 2817 als
1215 2781 1439 2823 fortitudini3
1473 2782 1576 2815 sonst
1607 2791 1698 2814 wer-

957 2829 1027 2864 den
1058 2829 1162 2864 fortis
1196 2839 1237 2863 ac
1269 2828 1359 2863 felix
1391 2827 1445 2863 oft
1469 2826 1696 2862 verbunden.

958 2880 1013 2921 31,
1040 2879 1097 2922 20,
1124 2879 1155 2911 2.
