1882 3163
176 109 234 152 82
392 129 398 132 -
685 110 827 145 LIBER
851 110 981 147 XXIII.
1034 110 1134 148 CAP.
1161 115 1218 146 41.
1583 129 1608 148 a.
1629 130 1657 148 u.
1677 123 1747 149 539„

178 219 315 261 nibali
346 219 533 273 iunctus,
573 219 730 261 Hanno
771 222 920 261 auctor
951 219 1199 262 rebellionis
1241 219 1384 262 Sardis
1423 220 1609 275 bellique
1642 222 1733 263 eius

136 289 157 320 3
176 278 291 320 haud
325 278 451 320 dubie
484 279 685 320 concitor.
735 293 811 320 nec
839 277 1070 320 Sardorum
1105 280 1230 321 duces
1257 280 1400 321 minus
1427 280 1617 321 nobilem
1645 295 1740 322 eam

176 351 367 392 pugnam
412 337 605 379 cladibus
651 337 738 378 suis
779 337 989 392 fecerunt3
1036 353 1136 380 nam
1186 342 1228 380 et
1268 338 1382 380 filius
1427 337 1741 393 Hampsicorae

134 395 343 438 4Hostus
375 395 547 439 in'acie
588 396 757 450 cecidit,
801 399 842 438 et
880 396 1165 451 Hampsicora
1205 412 1299 438 cum
1337 398 1484 451 paucis
1524 398 1741 453 equitibus

175 454 358 511 fugiens,
390 458 438 497 ut
464 470 590 509 super
618 455 809 497 adflictas
835 470 903 497 res
928 470 1075 498 necem
1101 471 1266 511 quoque
1293 456 1371 497 filii
1401 456 1575 510 audivit,
1600 459 1740 511 nocte,

175 529 230 556 ne
264 516 382 556 cuius
415 515 679 556 interventus
712 517 865 570 coepta
895 515 1129 570 inpediret,
1179 518 1360 557 mortem
1403 516 1483 557 sibi
1521 517 1743 557 conscivit.

135 585 156 615 5
177 574 329 616 ceteris
357 574 458 615 urbs
485 573 651 616 Cornus
678 574 838 628 eadem,
871 589 978 629 quae
1007 577 1116 629 ante,
1141 574 1270 630 fugae
1296 575 1612 629 receptaculum
1637 575 1739 629 fuit3

177 648 307 687 quam
337 632 524 675 Manlius
555 634 715 675 victore
749 634 934 675 exercitu
967 634 1196 689 adgressus
1229 634 1344 675 intra
1377 634 1466 675 dies
1493 649 1650 688 paucos
1676 649 1742 675 re-

135 693 299 747 ecepit.
352 693 502 734 deinde
548 693 655 734 aliae
701 707 867 747 quoque
914 693 1121 747 civitates,
1169 708 1275 748 quae
1322 693 1374 734 ad
1405 692 1737 747 Hampsicoram

174 751 428 807 Poenosque
461 751 714 805 defecerant,
748 751 967 793 obsidibus
1002 752 1114 793 datis
1149 752 1396 793 dediderunt
1430 766 1538 806 sese,
1579 752 1733 806 quibus

176 811 389 865 stipendio
422 810 722 866 frumentoque
754 811 965 865 imperato
997 825 1075 865 pro
1115 811 1316 866 cuiusque
1358 813 1431 852 aut
1463 811 1626 852 viribus
1661 813 1738 852 aut

135 881 154 911 7
176 870 329 911 delicto
363 868 525 911 Caralis
560 870 791 911 exercitum
822 869 1000 911 reduxit.
1051 870 1111 910 ibi
1155 871 1336 911 navibus
1367 870 1508 925 longis
1542 870 1739 911 deductis

174 929 464 984 inpositoque,
509 943 633 984 quem
675 942 817 970 secum
856 927 1102 978 advexerat,
1147 928 1281 969 milite
1323 929 1504 970 Romam
1545 929 1737 984 navigat,

176 987 502 1042 Sardiniamque
523 988 807 1043 perdomitam
827 988 999 1028 nuntiat
1024 988 1230 1042 patribus,
1258 991 1301 1029 et
1327 988 1588 1042 stipendium
1610 1002 1736 1042 quae-

176 1048 375 1100 storibus,
396 1046 658 1088 frumentum
680 1046 900 1100 aedilibus,
927 1047 1117 1100 captivos
1140 1046 1187 1096 Q.
1208 1046 1358 1088 Fulvio
1380 1047 1568 1101 praetori
1593 1047 1741 1088 tradit.

135 1117 155 1148 8
294 1105 375 1147 Per
406 1106 519 1147 idem
551 1108 720 1159 tempus
753 1104 799 1146 T.
834 1105 1040 1147 Otacilius
1074 1109 1258 1160 praetor,
1292 1106 1344 1147 ab
1371 1105 1577 1160 Lilybaeo
1611 1105 1737 1147 classi

175 1166 220 1206 in
241 1165 432 1206 Africam
457 1167 725 1206 transvectus
754 1164 1121 1219 depopulatusque
1150 1178 1301 1220 agrum
1322 1163 1737 1220 Carthaginiensem,

133 1236 153 1266 9
176 1239 272 1266 cum
307 1223 546 1265 Sardiniam
583 1224 681 1265 inde
723 1226 904 1277 peteret,
955 1239 1038 1278 quo
1079 1224 1194 1265 fama
1232 1226 1322 1264 erat
1360 1223 1678 1265 Hasdrubalem
1710 1237 1739 1264 a

176 1283 421 1325 Baliaribus
460 1297 597 1338 nuper
633 1283 868 1337 traiecisse,
908 1283 1033 1324 classi
1065 1283 1258 1324 Africam
1297 1283 1509 1337 repetenti
1542 1283 1738 1334 occurrit,

175 1343 343 1398 levique
383 1343 613 1384 certamine
651 1343 695 1383 in
734 1342 822 1384 alto
861 1343 1089 1384 commisso
1130 1345 1292 1396 septem
1330 1342 1428 1383 inde
1469 1356 1598 1383 naves
1639 1355 1737 1383 cum

176 1403 304 1444 sociis
335 1402 560 1443 navalibus
594 1401 722 1455 cepit3
756 1403 917 1443 ceteras
950 1404 1088 1443 metus
1121 1401 1235 1442 haud
1268 1416 1387 1443 secus
1414 1416 1543 1455 quam
1575 1403 1736 1454 tempe-

119 1472 162 1503 10
178 1463 265 1502 stas
298 1461 457 1515 passim
490 1460 746 1511 disiecit.7—
775 1460 857 1501 Per
890 1460 1059 1502 eosdem
1085 1460 1196 1501 forte
1223 1460 1313 1501 dies
1339 1463 1381 1501 et
1400 1460 1613 1501 Bomilcar
1639 1473 1734 1500 cum

177 1520 387 1562 militibus
421 1520 474 1561 ad
509 1520 852 1573 supplementum
887 1518 1148 1574 Carthagine
1181 1519 1324 1560 missis
1354 1519 1675 1573 elephantisque
1701 1521 1740 1560 et

118 1590 160 1621 11
176 1582 414 1621 commeatu
434 1578 593 1620 Locros
615 1579 804 1627 accessit.
856 1593 977 1633 quem
1003 1581 1051 1619 ut
1077 1579 1297 1620 incautum
1325 1579 1595 1633 opprimeret,
1620 1578 1732 1631 App.

176 1636 378 1680 Claudius
409 1652 484 1692 per
517 1637 833 1679 simulationem
865 1637 1109 1691 provinciae
1144 1637 1466 1678 circumeundae
1491 1635 1737 1678 Messanam

119 1708 163 1739 12
175 1698 331 1751 raptim
365 1697 551 1739 exercitu
583 1696 710 1738 ducto
745 1699 866 1737 aestu
899 1696 1082 1737 secundo
1108 1696 1266 1738 Locros
1292 1696 1471 1737 traiecit.
1523 1695 1608 1736 iam
1634 1695 1736 1736 inde

176 1755 392 1798 Bomilcar
420 1756 471 1797 ad
497 1755 754 1797 Hannonem
787 1756 831 1796 in
856 1754 1050 1797 Bruttios
1071 1755 1287 1809 profectus
1310 1757 1411 1805 erat,
1440 1757 1482 1795 et
1501 1753 1736 1796 Locrenses

223 1900 254 1933 2.
295 1896 441 1942 Sardis]
478 1896 590 1931 Dativ
625 1896 816 1941 abhangig
847 1907 920 1931 von

177 1944 261 1979 dem
287 1943 639 1978 Verbalsubstantiv
671 1947 797 1978 auctor
830 1943 917 1988 (vgl.

177 2003 221 2025 zu
246 1991 338 2035 Kap.
366 1995 420 2035 35,
449 1994 494 2034 7).

224 2038 397 2084 conciter]
425 2055 468 2066 =
495 2038 693 2073 concitator
719 2041 780 2081 25,
807 2041 846 2081 4,
877 2041 918 2072 10

177 2085 357 2130 (haufiger
383 2087 534 2128 auctor),
562 2088 681 2120 zuerst
707 2085 766 2120 bei
792 2084 917 2119 Livius

178 2132 262 2176 (mit
288 2133 385 2167 belli:
419 2136 474 2175 29,
496 2136 527 2174 3,
549 2136 585 2175 33
614 2136 668 2176 37,
689 2136 746 2175 45,
770 2135 823 2175 17,
851 2132 920 2165 mit

176 2180 277 2223 vulgi
301 2183 357 2222 45,
381 2183 434 2221 10,
457 2182 528 2223 10),
555 2179 654 2213 dann
674 2179 734 2213 bei
754 2177 915 2213 Tacitus.

176 2225 264 2260 Dass
291 2226 422 2260 Hanno
456 2225 515 2260 die
540 2226 754 2270 Emporung
787 2236 917 2260 veran-

177 2273 267 2308 lasst
292 2273 398 2317 habe,
427 2272 550 2307 wurde
573 2272 698 2307 frfiher
724 2272 828 2306 nicht
854 2283 916 2306 an-

178 2320 355 2365 gegeben.

225 2372 257 2402 4.
278 2367 401 2413 super]
422 2379 476 2409 zu,
497 2365 618 2401 ausser
632 2386 674 2390 —
691 2366 803 2409 noch,
825 2366 917 2410 Kap.

178 2419 233 2457 36,
263 2418 316 2449 10.
344 2435 386 2439 —-
414 2415 531 2458 cuius]
560 2413 860 2449 substantivisch.

226 2465 257 2496 5.
291 2462 399 2506 fuyae
424 2461 567 2507 recept]
599 2460 918 2505 „Zufluchtsort“,

178 2509 272 2544 auch
305 2512 341 2552 8,
371 2513 430 2551 19,
460 2512 512 2544 10.
544 2529 588 2533 —
622 2507 794 2553 exercitu]
834 2506 917 2542 Abl.

177 2556 411 2590 instrumenti
438 2556 542 2600 (Kap.
570 2559 626 2599 42,
654 2558 698 2598 6).

226 2607 256 2638 6.
284 2603 440 2648 viribus]
467 2603 607 2645 Mitte13
635 2606 690 2645 21,
714 2606 745 2645 1,
767 2606 798 2637 2.

227 2654 258 2685 7.
292 2650 483 2695 aedilibus]
512 2650 580 2684 den
608 2653 790 2684 curatores
815 2650 918 2684 urbis

179 2707 346 2731 annonae
367 2697 600 2741 ludorumque
620 2697 853 2732 sollemnizavit.
874 2717 915 2721 —-

181 2745 222 2789 Q.
251 2743 401 2789 Fulvio]
432 2745 538 2778 unter
564 2744 693 2778 dessen
718 2743 918 2788 Auspicien

180 2802 219 2825 er
244 2791 315 2825 den
339 2790 452 2835 Krieg
477 2790 626 2835 geffihrt
651 2791 767 2825 hatte.

228 2840 258 2871 8.
284 2838 449 2882 praetor]
476 2837 524 2871 Er
551 2848 626 2872 war
650 2837 754 2872 nicht
773 2837 917 2880 Prator‚

182 2884 337 2918 sondern
375 2883 638 2919 Befehlshaber
675 2884 738 2918 der
775 2885 916 2928 Flotte3

994 1896 1059 1930 der
1085 1895 1216 1930 Pr'ator
1240 1906 1313 1930 von
1340 1893 1492 1929 Sicilien
1523 1893 1617 1928 wird
1648 1896 1666 1934 ξ
1689 1896 1731 1926 11

993 1945 1168 1988 genannt.

1041 1994 1072 2024 9.
1101 1990 1199 2035 inde]
1228 2006 1272 2018 =
1295 2000 1338 2024 ex
1363 1999 1421 2031 ea,
1447 1999 1490 2023 er
1517 1988 1645 2030 classe,
1670 1988 1735 2022 At-

992 2037 1109 2072 tribut
1136 2049 1178 2071 zu
1204 2047 1322 2071 naves.

1042 2088 1096 2118 10.
1116 2084 1317 2127 Bomilcar]
1332 2082 1524 2118 Nachdem
1540 2081 1650 2127 Mago
1665 2082 1735 2116 mit

993 2131 1118 2166 seinen
1145 2131 1320 2175 Truppen
1350 2131 1445 2164 nach
1473 2129 1635 2173 Spanien
1667 2129 1732 2163 ab·

991 2176 1520 2268 {SssgssfigssssrXQJVKfflssQA
1541 2179 1620 2257 3²12}
1630 2179 1734 2256 ἲθὲζ

990 2271 1247 2315 Verstarkung
1285 2271 1342 2304 ffir
1378 2269 1566 2304 Hannibal
1604 2279 1732 2313 ausge-

992 2320 1119 2360 ri‘istet,
1147 2318 1205 2352 die
1227 2318 1365 2360 zweite,
1392 2317 1532 2351 welche
1552 2317 1648 2351 nach
1669 2317 1734 2350 der

993 2365 1168 2400 Schlacht
1196 2365 1257 2399 bei
1283 2365 1409 2399 Canna
1442 2376 1485 2398 zu
1518 2364 1597 2398 ihm
1630 2362 1735 2398 stiess

994 2413 1080 2457 (vgl.
1108 2413 1198 2456 Kap.
1229 2416 1282 2453 13,
1311 2415 1329 2445 7
1356 2411 1431 2446 und
1459 2414 1513 2453 18,
1542 2412 1586 2453 6).

1040 2460 1188 2505 Locros]
1252 2458 1319 2493 Die
1379 2458 1486 2492 Stadt
1546 2468 1623 2491 war
1680 2456 1730 2490 im

993 2507 1105 2541 Jahre
1129 2507 1263 2541 vorher
1288 2517 1331 2540 zu
1350 2504 1539 2540 Hannibal
1565 2503 1729 2548 abgefal-

992 2553 1054 2588 len
1087 2553 1192 2598 (Kap.
1220 2557 1276 2595 30,
1304 2555 1350 2597 8).
1397 2552 1574 2587 Otacilius
1606 2551 1731 2585 wurde

994 2613 1055 2635 zur
1077 2600 1197 2635 Strafe
1223 2600 1280 2634 fiir
1300 2601 1398 2634 seine
1418 2597 1733 2641 Naohlassigkeit‚

991 2647 1132 2692 infolge
1152 2647 1313 2682 welcher
1330 2645 1522 2681 Bomilkar
1541 2644 1730 2689 glficklieh

991 2706 1039 2730 an
1073 2694 1222 2729 Sicilien
1260 2693 1612 2738 vorbeigekommen
1644 2702 1732 2733 war,

991 2755 1034 2776 zu
1054 2742 1157 2776 Ende
1185 2742 1247 2775 des
1267 2741 1398 2775 Jahres
1417 2740 1479 2774 bei
1505 2738 1569 2773 der
1589 2739 1731 2772 Bewer—

991 2790 1092 2834 bung
1117 2800 1180 2823 um
1204 2789 1269 2822 das
1289 2787 1469 2822 Konsulat
1493 2786 1731 2829 iibergangen

993 2838 1069 2880 (24,
1098 2840 1129 2879 7,
1158 2839 1199 2869 12
1221 2835 1282 2879 ff).

1042 2887 1094 2916 11.
1135 2885 1236 2917 aestu
1267 2880 1436 2926 secundo]
1472 2880 1607 2914 ebenso
1642 2878 1730 2914 Sall.
