1882 3163
118 140 146 160 a.
171 132 236 159 Chr.
263 140 291 157 n.
317 133 379 157 213.

643 120 788 155 LIBER
807 119 953 154 XXIIII.
982 119 1084 155 CAP.
1106 123 1161 154 35.
1188 123 1243 154 36.
1629 116 1684 157 61

118 231 256 272 fectus
299 229 607 285 Carthaginem
652 228 906 282 adiutusque
945 227 1007 269 ibi
1040 230 1083 268 et
1120 227 1173 268 ab
1212 227 1367 282 legatis
1407 225 1685 280 Hippocratis

119 293 162 331 et
204 290 359 330 litteris
391 287 668 341 Hannibalis,
713 287 786 342 qui
824 287 990 328 venisse
1028 289 1199 340 tempus
1233 286 1376 328 aiebat
1410 283 1581 327 Siciliae
1613 299 1688 339 per

119 363 334 389 summum
377 347 504 389 decus
536 346 808 400 repetendae,
853 347 895 386 et
926 346 1017 399 ipse
1048 345 1162 386 haud
1194 359 1329 386 vanus
1362 359 1564 399 praesens
1598 358 1689 385 mo-
1716 353 1735 384 5

118 408 236 448 nitor
273 406 399 448 facile
437 405 700 460 perpulerat,
745 407 793 445 ut
831 406 1016 458 quantae
1048 404 1258 445 maximae
1290 407 1466 458 possent
1497 403 1688 457 peditum

119 466 394 520 equitumque
440 465 586 518 copiae
628 464 672 504 in
705 462 896 504 Siciliam
934 463 1227 504 traicerentur.

120 525 248 566 cliam
287 524 401 565 intra
439 537 596 577 paucos
636 521 734 563 inde
767 521 856 562 dies
889 520 1179 576 Agrigentum
1212 522 1389 575 recepit3
1423 522 1688 576 aliarumque

121 583 381 636 civitatium,
415 595 522 636 quae
554 581 689 635 partis
723 579 1146 635 Carthaginiensium
1179 582 1319 634 erant,
1353 581 1457 621 adeo
1485 594 1688 622 accensae

122 645 221 683 sunt
263 656 358 696 spes
400 640 453 682 ad
493 640 715 694 pellendos
749 639 895 681 Sicilia
933 639 1169 693 Romanos,
1210 642 1258 680 ut
1298 642 1517 693 postremo
1559 640 1688 680 etiam

122 701 196 755 qui
228 700 535 742 obsidebantur
556 697 780 753 Syracusis
813 699 981 740 animos
1014 698 1276 739 sustulerint.
1327 700 1369 739 et
1400 700 1522 753 parte
1548 699 1688 752 copia-

121 774 216 800 rum
256 759 361 800 satis
402 757 572 800 defendi
610 758 759 799 urbem
797 772 922 812 posse
955 757 1038 799 rati
1068 757 1131 798 ita
1162 758 1272 798 inter
1304 772 1348 798 se
1381 772 1557 798 munera
1589 757 1691 798 belli

120 818 270 872 partiti
297 819 419 870 sunt,
445 819 493 858 ut
511 816 727 871 Epicydes
753 818 971 870 praeesset
997 816 1215 858 custodiae
1242 816 1378 869 urbis,
1404 816 1690 870 Hippocrates

120 876 355 918 Himilconi
387 876 639 918 coniunctus
671 876 831 917 bellum
865 875 1068 917 adversus
1101 876 1319 917 consulem
1345 875 1589 917 Romanum
1621 889 1690 930 ge-

124 937 250 977 reret.
302 949 398 976 cum
430 935 574 976 decem
601 935 775 976 milibus
802 934 1016 989 peditum,
1049 934 1296 989 quingentis
1324 935 1539 989 equitibus
1565 936 1690 975 nocte
1717 946 1737 976 8

121 1008 198 1048 per
238 994 485 1035 intermissa
526 993 730 1035 custodiis
772 994 867 1035 loca
908 993 1127 1048 profectus
1170 996 1312 1034 castra
1354 994 1465 1035 cirea
1506 992 1690 1034 Acrillas

121 1053 271 1094 urbem
315 1053 517 1107 ponebat.

579 1053 873 1094 munientibus
915 1052 1161 1106 supervenit
1201 1051 1430 1094 Marcellus
1472 1052 1526 1093 ab
1565 1052 1691 1106 Agri·
1718 1063 1737 1093 9

122 1114 253 1167 gento
292 1111 378 1153 iam
419 1114 646 1166 occupato,
688 1126 783 1153 cum
816 1111 976 1152 frustra
1009 1125 1057 1152 eo
1090 1112 1341 1164 praevenire
1373 1112 1544 1152 hostem
1575 1110 1692 1152 festi-

122 1185 232 1212 nans
265 1170 535 1224 tetendisset,
566 1171 756 1222 rediens,
787 1170 898 1211 nihil
929 1170 1071 1211 minus
1099 1173 1219 1211 ratus
1246 1185 1374 1224 quam
1399 1171 1473 1211 illo
1499 1173 1692 1224 tempore

124 1244 172 1271 ac
211 1229 305 1270 loco
340 1227 658 1283 Syracusanum
697 1229 779 1270 sibi
818 1229 1049 1270 exercitum
1082 1229 1255 1270 obvium
1287 1230 1397 1282 fore,
1443 1229 1515 1270 sed
1546 1231 1693 1269 tamen
1720 1239 1764 1270 10

125 1290 243 1329 metu
263 1287 524 1329 Himilconis
545 1287 883 1341 Poenorumque,
911 1290 957 1328 ut
983 1288 1138 1342 quibus
1163 1302 1436 1342 nequaquam
1463 1289 1523 1328 eis
1545 1288 1694 1341 copiis,

126 1361 232 1401 quas
265 1347 471 1398 habebat,
502 1361 580 1400 par
613 1349 742 1399 esset,
775 1361 903 1400 quam
935 1349 1106 1400 poterat
1137 1347 1321 1387 maxime
1348 1347 1539 1388 intentus
1566 1348 1693 1400 atque

126 1406 298 1461 agmine
340 1405 392 1446 ad
425 1420 572 1447 omnes
606 1420 729 1447 casus
763 1406 1000 1459 composito
1033 1406 1135 1446 ibat.

126 1465 327 1505 adversus
360 1463 528 1506 Poenos
573 1467 830 1519 praeparata
873 1468 983 1518 erat,
1027 1464 1231 1505 adversus
1265 1463 1429 1506 Siculos
1467 1464 1562 1506 usui
1600 1464 1694 1505 fuit.

126 1523 280 1564 castris
312 1523 523 1576 ponendis
555 1524 866 1577 incompositos
901 1537 949 1564 ac
982 1523 1197 1577 dispersos
1230 1526 1412 1564 nanctus
1440 1538 1511 1564 eos
1539 1526 1582 1564 et
1606 1523 1694 1577 ple-

126 1596 281 1636 rosque
306 1582 505 1635 inermes,
538 1583 650 1636 quod
678 1582 869 1636 peditum
894 1582 988 1635 fuit,
1015 1582 1311 1636 circumvenit,
1345 1596 1472 1636 eques
1499 1582 1582 1623 levi
1608 1596 1694 1623 cer-

127 1642 290 1681 tamine
322 1640 430 1681 inito
464 1655 558 1681 cum
591 1640 858 1695 Hippocrate
890 1639 1024 1682 Acras
1057 1641 1258 1695 perfugit.

243 1699 309 1740 Ea
340 1713 486 1754 pugna
521 1699 762 1741 deficientes
796 1699 849 1740 ab
869 1699 1079 1740 Romanis
1107 1713 1204 1740 cum
1230 1699 1494 1741 cohibuisset
1515 1698 1694 1753 Siculos,
1721 1710 1741 1741 2

128 1757 358 1798 Marcellus
410 1756 642 1812 Syracusas
698 1758 850 1811 rediit3
913 1762 955 1798 et
1010 1760 1110 1812 post
1159 1773 1317 1812 paucos
1368 1758 1457 1799 dies
1507 1758 1695 1799 Himilco

131 1816 331 1857 adiuncto
352 1815 617 1870 Hippocrate
650 1817 702 1858 ad
729 1817 887 1858 flumen
908 1816 1129 1871 Anapum,
1161 1820 1256 1858 octo
1283 1817 1416 1858 ferme
1441 1817 1539 1858 inde
1566 1817 1696 1870 milia,

175 1994 207 2024 5.
241 1991 342 2024 haud
366 2001 485 2024 vanus
505 2000 679 2034 praesens
700 1990 872 2035 monitor]

130 2037 188 2071 die
223 2036 261 2070 in
293 2037 352 2071 die
379 2037 486 2071 Mitte
519 2037 692 2081 gestellte
718 2036 875 2081 Apposi-

129 2084 208 2118 tion
236 2083 286 2118 ist
310 2084 566 2128 begriindend:
601 2084 659 2118 ein
690 2085 790 2119 haud
815 2095 876 2119 va-

128 2142 209 2174 nus,
241 2131 353 2165 ‘weil’
382 2142 552 2175 praesens
576 2132 743 2165 monitor.

176 2182 334 2223 quantae
359 2178 554 2224 maximae]
583 2190 610 2213 S.
637 2190 679 2212 zu
706 2182 762 2222 21,
791 2183 822 2214 4.

177 2230 209 2260 6.
236 2225 465 2271 Heracliam]
494 2238 520 2259 s.
549 2238 592 2259 zu
619 2230 674 2268 26,
704 2230 733 2259 1.

178 2276 209 2308 7.
236 2273 282 2317 et]
313 2272 402 2306 ‘und
435 2272 579 2314 daher’;
604 2273 678 2317 vgl.
705 2272 765 2316 21,
787 2277 877 2317 24‚3

131 2320 299 2363 conloqui
330 2330 364 2354 se
397 2330 476 2354 cum
510 2320 585 2353 illis
619 2321 720 2362 velle,
759 2324 791 2354 et
822 2321 880 2355 villi

125 2367 283 2410 propius
309 2367 522 2400 accederent.

180 2417 212 2448 8.
252 2414 457 2447 intermissa
484 2414 656 2447 custodiis
683 2413 774 2457 loca]
808 2414 878 2448 wie

131 2463 195 2503 46,
230 2464 246 2493 1
284 2463 426 2503 partem
464 2461 656 2503 ”neglectam
695 2461 879 2502 custodia,-

132 2507 226 2541 auch
259 2507 354 2541 ohne
386 2506 457 2540 den
484 2507 615 2541 Zusatz
647 2508 819 2542 custodiis
846 2520 874 2541 z.

133 2553 172 2587 B.
200 2552 260 2596 34,
288 2558 344 2596 37,
373 2558 392 2587 8
414 2564 482 2597 per
507 2554 711 2588 intermissa
738 2555 877 2588 moenia

132 2600 254 2635 urbem
280 2601 480 2636 intrarunt.

180 2648 358 2692 Acrillas]
387 2647 424 2680 in
445 2648 509 2682 der
531 2647 636 2681 Nahe
657 2658 727 2681 von
749 2647 877 2681 Acrae.

181 2697 212 2728 9.
253 2694 313 2729 die
344 2695 464 2729 vielen
494 2695 588 2728 Part.
621 2694 775 2728 machen
809 2695 879 2728 den

135 2739 220 2774 Satz
260 2741 511 2786 schwerfallig
550 2741 622 2775 und
663 2741 879 2784 tiberiadem

135 2788 276 2822 rediens
296 2801 329 2823 u.
355 2789 535 2831 festinans
555 2788 769 2831 (eonem—mv>
792 2800 880 2822 wer-

136 2834 205 2867 den
226 2845 285 2868 am
307 2837 436 2870 bestcn
454 2836 569 2870 durch
586 2835 708 2870 Subst.
731 2835 881 2869 wieder-

136 2882 313 2925 gegeben.

996 1990 1059 2026 36.
1102 1995 1131 2025 1.
1165 1992 1295 2025 castris
1314 1991 1511 2036 ponendis]
1538 1990 1587 2025 ist
1612 2002 1696 2025 cau-

950 2038 1055 2081 saler,
1077 2038 1147 2082 eig.
1169 2038 1358 2073 absoluter
1371 2037 1455 2073 Abl.
1479 2038 1531 2072 ‘in
1550 2038 1695 2082 Folge',

949 2085 1186 2120 verschieden
1205 2096 1277 2120 von
1296 2086 1338 2119 in
1358 2086 1487 2120 eastris
1505 2096 1606 2129 pon„
1632 2085 1696 2120 ob-

950 2131 1071 2175 gleich
1110 2133 1178 2166 wir
1215 2133 1309 2166 auch
1343 2132 1449 2177 jenes
1488 2132 1558 2166 mit
1597 2132 1693 2166 ‘bei'

950 2179 1163 2214 iibersetzen
1202 2179 1365 2222 konnen3
1410 2191 1449 2214 so
1481 2179 1546 2222 25,
1585 2183 1647 2222 30,
1675 2183 1695 2213 6

946 2227 1118 2269 partibus
1143 2227 1350 2261 dividendis
1369 2228 1443 2270 'ipsi
1461 2228 1559 2270 reyio
1582 2227 1697 2261 evenit

952 2274 996 2307 ab
1024 2274 1206 2308 Arethusa
1236 2285 1347 2318 usqae
1372 2275 1421 2308 ad
1452 2275 1582 2308 ostium
1609 2284 1696 2317 por-

952 2324 1019 2355 tas.
1053 2320 1113 2364 26,
1141 2325 1197 2363 48,
1225 2325 1245 2355 2
1273 2323 1380 2363 (cum)
1407 2321 1585 2364 capienda
1612 2321 1698 2354 arbe

952 2371 1093 2402 tantum
1121 2369 1256 2402 laboris
1282 2369 1442 2402 adissent
1468 2368 1543 2401 und
1569 2367 1632 2401 oft.

1000 2438 1247 2482 circumvenit]
1294 2438 1359 2471 das
1397 2437 1615 2480 Uinzingeln
1659 2437 1698 2470 in

952 2485 1172 2519 feindlicher
1187 2484 1342 2518 Absicht
1359 2484 1490 2518 nimmt
1505 2484 1570 2526 oft,
1591 2494 1697 2517 wenn

951 2532 1059 2565 kcine
1080 2531 1245 2575 ltettung
1264 2531 1485 2573 stattfindea
1512 2530 1580 2565 wic
1607 2530 1697 2573 hier,

952 2578 1011 2612 die
1039 2578 1258 2621 liedeutung
1289 2578 1352 2612 des
1383 2577 1698 2621 Ueberwi'iltigens

952 2636 998 2658 an
1025 2625 1112 2668 (vgl.
1141 2629 1196 2667 38,
1226 2627 1271 2667 1),
1304 2638 1332 2658 z.
1359 2625 1397 2659 B.
1426 2625 1484 2666 22,
1512 2628 1544 2667 8,
1577 2629 1591 2658 1
1622 2625 1699 2658 alia

954 2673 1149 2705 nuntiatur
1193 2672 1327 2710 clades,
1378 2675 1549 2714 quattuor
1595 2672 1699 2705 milia

954 2719 1110 2762 equitum
1137 2719 1181 2752 ab
1206 2719 1419 2752 Hannibale
1445 2719 1696 2753 circumventa.

1001 2793 1033 2822 2.
1056 2789 1270 2833 deficientes]
1289 2789 1322 2824 cl.
1341 2788 1405 2822 ‘im
1421 2788 1545 2822 Abfall
1564 2788 1697 2831 begrif-

955 2835 1015 2869 fen
1035 2836 1141 2878 sci11’3
1169 2836 1398 2877 cohibuisset,
1425 2835 1493 2869 wie
1510 2835 1568 2869 dic
1583 2835 1697 2880 Folge

956 2883 1063 2927 zeigt,
1091 2895 1158 2916 nur
1185 2883 1242 2916 fiir
1268 2883 1338 2917 den
1365 2882 1608 2927 Augenblick.

1290 463 1521 504 adveniens
1553 461 1686 504 Hera-
1715 473 1735 504 6

1196 1405 1309 1446 forte
1342 1420 1391 1446 ea
1422 1419 1540 1459 cura,
1585 1419 1692 1458 quae
1707 1405 1764 1446 36
