<?xml version="1.0" encoding="UTF-8"?>
<!DOCTYPE html PUBLIC "-//W3C//DTD XHTML 1.0 Transitional//EN"
    "http://www.w3.org/TR/xhtml1/DTD/xhtml1-transitional.dtd">
<html xmlns="http://www.w3.org/1999/xhtml" xml:lang="en" lang="en">
 <head>
  <title>
</title>
<meta http-equiv="Content-Type" content="text/html;charset=utf-8" />
  <meta name='ocr-system' content='tesseract 3.04.00' />
  <meta name='ocr-capabilities' content='ocr_page ocr_carea ocr_par ocr_line ocrx_word'/>
</head>
<body>
  <div class='ocr_page' id='page_1' title='image "./aburbeconditalib21livyuoft/aburbeconditalib21livyuoft_0243.png"; bbox 0 0 1882 3163; ppageno 0'>
   <div class='ocr_carea' id='block_1_1' title="bbox 132 111 316 138">
    <p class='ocr_par' dir='ltr' id='par_1_1' title="bbox 132 111 316 138">
     <span class='ocr_line' id='line_1_1' title="bbox 132 111 316 138; baseline -0.005 0"><span class='ocrx_word' id='word_1_1' title='bbox 132 119 163 138; x_wconf 75' lang='lat' dir='ltr'>a.</span> <span class='ocrx_word' id='word_1_2' title='bbox 183 111 234 138; x_wconf 88' lang='lat' dir='ltr'>Ch.</span> <span class='ocrx_word' id='word_1_3' title='bbox 257 112 316 138; x_wconf 86' lang='lat'>216.</span> 
     </span>
    </p>
   </div>
   <div class='ocr_carea' id='block_1_2' title="bbox 615 100 1704 146">
    <p class='ocr_par' dir='ltr' id='par_1_2' title="bbox 615 100 1704 146">
     <span class='ocr_line' id='line_1_2' title="bbox 615 100 1704 146; baseline 0.002 -10"><span class='ocrx_word' id='word_1_4' title='bbox 615 100 760 136; x_wconf 87' lang='lat' dir='ltr'><strong>LIBER</strong></span> <span class='ocrx_word' id='word_1_5' title='bbox 785 101 899 137; x_wconf 90' lang='lat' dir='ltr'>XXII.</span> <span class='ocrx_word' id='word_1_6' title='bbox 951 100 1053 137; x_wconf 84' lang='lat' dir='ltr'>OAP.</span> <span class='ocrx_word' id='word_1_7' title='bbox 1082 105 1137 138; x_wconf 87' lang='lat'>53.</span> <span class='ocrx_word' id='word_1_8' title='bbox 1167 106 1223 137; x_wconf 87' lang='lat'>54.</span> <span class='ocrx_word' id='word_1_9' title='bbox 1650 103 1704 146; x_wconf 86' lang='grc'>81</span> 
     </span>
    </p>
   </div>
   <div class='ocr_carea' id='block_1_3' title="bbox 138 208 1704 267">
    <p class='ocr_par' dir='ltr' id='par_1_3' title="bbox 138 208 1704 267">
     <span class='ocr_line' id='line_1_3' title="bbox 138 208 1704 267; baseline 0.001 -15"><span class='ocrx_word' id='word_1_10' title='bbox 138 210 288 263; x_wconf 83' lang='lat' dir='ltr'>verba,</span> <span class='ocrx_word' id='word_1_11' title='bbox 320 210 366 252; x_wconf 93' lang='lat' dir='ltr'>L.</span> <span class='ocrx_word' id='word_1_12' title='bbox 397 208 571 264; x_wconf 81' lang='lat' dir='ltr'>Caecili,</span> <span class='ocrx_word' id='word_1_13' title='bbox 603 210 716 251; x_wconf 91' lang='lat' dir='ltr'>iures</span> <span class='ocrx_word' id='word_1_14' title='bbox 744 209 916 264; x_wconf 89' lang='lat' dir='ltr'>postulo</span> <span class='ocrx_word' id='word_1_15' title='bbox 943 211 1176 265; x_wconf 86' lang='lat' dir='ltr'>ceterique,</span> <span class='ocrx_word' id='word_1_16' title='bbox 1209 211 1281 266; x_wconf 93' lang='lat' dir='ltr'>qui</span> <span class='ocrx_word' id='word_1_17' title='bbox 1308 211 1486 253; x_wconf 87' lang='lat' dir='ltr'>adestis:</span> <span class='ocrx_word' id='word_1_18' title='bbox 1518 211 1591 267; x_wconf 90' lang='lat' dir='ltr'>qui</span> <span class='ocrx_word' id='word_1_19' title='bbox 1615 226 1704 255; x_wconf 86' lang='lat' dir='ltr'>non</span> 
     </span>
    </p>
   </div>
   <div class='ocr_carea' id='block_1_4' title="bbox 137 268 1777 324">
    <p class='ocr_par' dir='ltr' id='par_1_4' title="bbox 137 268 1777 324">
     <span class='ocr_line' id='line_1_4' title="bbox 137 268 1777 324; baseline 0.002 -13"><span class='ocrx_word' id='word_1_20' title='bbox 137 269 362 324; x_wconf 85' lang='lat' dir='ltr'>iuraverit,</span> <span class='ocrx_word' id='word_1_21' title='bbox 393 269 440 310; x_wconf 90' lang='lat' dir='ltr'>in</span> <span class='ocrx_word' id='word_1_22' title='bbox 471 283 515 310; x_wconf 90' lang='lat' dir='ltr'>se</span> <span class='ocrx_word' id='word_1_23' title='bbox 542 269 654 310; x_wconf 86' lang='lat' dir='ltr'>hunc</span> <span class='ocrx_word' id='word_1_24' title='bbox 688 268 879 323; x_wconf 84' lang='lat' dir='ltr'>gladium</span> <span class='ocrx_word' id='word_1_25' title='bbox 906 269 1102 310; x_wconf 88' lang='lat' dir='ltr'>strictum</span> <span class='ocrx_word' id='word_1_26' title='bbox 1130 284 1222 312; x_wconf 92' lang='lat' dir='ltr'>esse</span> <span class='ocrx_word' id='word_1_27' title='bbox 1249 270 1392 312; x_wconf 85' lang='lat' dir='ltr'>sciat“.</span> <span class='ocrx_word' id='word_1_28' title='bbox 1441 270 1556 312; x_wconf 88' lang='lat' dir='ltr'>haud</span> <span class='ocrx_word' id='word_1_29' title='bbox 1583 285 1702 313; x_wconf 89' lang='lat' dir='ltr'>secus</span> <span class='ocrx_word' id='word_1_30' title='bbox 1735 282 1777 314; x_wconf 89' lang='lat'>13</span> 
     </span>
    </p>
   </div>
   <div class='ocr_carea' id='block_1_5' title="bbox 137 327 1701 441">
    <p class='ocr_par' dir='ltr' id='par_1_5' title="bbox 137 327 1701 441">
     <span class='ocr_line' id='line_1_5' title="bbox 137 327 1701 384; baseline 0.002 -14"><span class='ocrx_word' id='word_1_31' title='bbox 137 328 301 383; x_wconf 85' lang='lat' dir='ltr'>pavidi,</span> <span class='ocrx_word' id='word_1_32' title='bbox 333 342 460 383; x_wconf 85' lang='lat' dir='ltr'>quam</span> <span class='ocrx_word' id='word_1_33' title='bbox 493 328 529 369; x_wconf 85' lang='lat' dir='ltr'>si</span> <span class='ocrx_word' id='word_1_34' title='bbox 560 328 766 370; x_wconf 83' lang='lat' dir='ltr'>victorem</span> <span class='ocrx_word' id='word_1_35' title='bbox 796 327 1086 369; x_wconf 88' lang='lat' dir='ltr'>Hannibalem</span> <span class='ocrx_word' id='word_1_36' title='bbox 1107 333 1349 384; x_wconf 76' lang='lat' dir='ltr'>cernerent,</span> <span class='ocrx_word' id='word_1_37' title='bbox 1381 330 1525 371; x_wconf 90' lang='lat' dir='ltr'>iurant</span> <span class='ocrx_word' id='word_1_38' title='bbox 1554 344 1701 373; x_wconf 91' lang='lat' dir='ltr'>omnes</span> 
     </span>
     <span class='ocr_line' id='line_1_6' title="bbox 138 385 1287 441; baseline 0.001 -12"><span class='ocrx_word' id='word_1_39' title='bbox 138 387 524 441; x_wconf 89' lang='lat' dir='ltr'>custodiendosque</span> <span class='ocrx_word' id='word_1_40' title='bbox 557 389 693 428; x_wconf 90' lang='lat' dir='ltr'>semet</span> <span class='ocrx_word' id='word_1_41' title='bbox 724 386 842 440; x_wconf 89' lang='lat' dir='ltr'>ipsos</span> <span class='ocrx_word' id='word_1_42' title='bbox 876 385 1067 441; x_wconf 85' lang='lat' dir='ltr'>Scipioni</span> <span class='ocrx_word' id='word_1_43' title='bbox 1098 387 1287 430; x_wconf 89' lang='lat' dir='ltr'>tradunt.</span> 
     </span>
    </p>
   </div>
   <div class='ocr_carea' id='block_1_6' title="bbox 257 444 1779 501">
    <p class='ocr_par' dir='ltr' id='par_1_6' title="bbox 257 444 1779 501">
     <span class='ocr_line' id='line_1_7' title="bbox 257 444 1779 501; baseline 0 -13"><span class='ocrx_word' id='word_1_44' title='bbox 257 446 322 488; x_wconf 87' lang='lat' dir='ltr'>Eo</span> <span class='ocrx_word' id='word_1_45' title='bbox 353 448 565 500; x_wconf 86' lang='lat' dir='ltr'>tempore,</span> <span class='ocrx_word' id='word_1_46' title='bbox 603 460 687 500; x_wconf 91' lang='lat' dir='ltr'>quo</span> <span class='ocrx_word' id='word_1_47' title='bbox 724 445 831 487; x_wconf 86' lang='lat' dir='ltr'>haec</span> <span class='ocrx_word' id='word_1_48' title='bbox 863 444 1041 488; x_wconf 83' lang='lat' dir='ltr'>Canusii</span> <span class='ocrx_word' id='word_1_49' title='bbox 1079 446 1336 501; x_wconf 85' lang='lat' dir='ltr'>agebantur,</span> <span class='ocrx_word' id='word_1_50' title='bbox 1376 447 1616 491; x_wconf 85' lang='lat' dir='ltr'>Venusiam</span> <span class='ocrx_word' id='word_1_51' title='bbox 1649 449 1702 491; x_wconf 90' lang='lat' dir='ltr'>ad</span> <span class='ocrx_word' id='word_1_52' title='bbox 1728 453 1779 489; x_wconf 79' lang='lat'>54</span> 
     </span>
    </p>
   </div>
   <div class='ocr_carea' id='block_1_7' title="bbox 135 504 1752 1564">
    <p class='ocr_par' dir='ltr' id='par_1_7' title="bbox 135 504 1752 1564">
     <span class='ocr_line' id='line_1_8' title="bbox 138 504 1706 563; baseline 0.003 -16"><span class='ocrx_word' id='word_1_53' title='bbox 138 505 357 547; x_wconf 90' lang='lat' dir='ltr'>consulem</span> <span class='ocrx_word' id='word_1_54' title='bbox 400 504 453 546; x_wconf 91' lang='lat' dir='ltr'>ad</span> <span class='ocrx_word' id='word_1_55' title='bbox 491 507 696 559; x_wconf 82' lang='lat' dir='ltr'>quattuor</span> <span class='ocrx_word' id='word_1_56' title='bbox 732 504 856 546; x_wconf 87' lang='lat' dir='ltr'>milia</span> <span class='ocrx_word' id='word_1_57' title='bbox 894 507 937 546; x_wconf 91' lang='lat' dir='ltr'>et</span> <span class='ocrx_word' id='word_1_58' title='bbox 977 505 1203 560; x_wconf 75' lang='lat' dir='ltr'>quingenti</span> <span class='ocrx_word' id='word_1_59' title='bbox 1239 506 1405 560; x_wconf 79' lang='lat' dir='ltr'>pedites</span> <span class='ocrx_word' id='word_1_60' title='bbox 1445 509 1706 563; x_wconf 78' lang='lat' dir='ltr'>equitesque,</span> 
     </span>
     <span class='ocr_line' id='line_1_9' title="bbox 140 563 1752 619; baseline 0.002 -14"><span class='ocrx_word' id='word_1_61' title='bbox 140 565 213 618; x_wconf 91' lang='lat' dir='ltr'>qui</span> <span class='ocrx_word' id='word_1_62' title='bbox 245 563 384 618; x_wconf 87' lang='lat' dir='ltr'>sparsi</span> <span class='ocrx_word' id='word_1_63' title='bbox 415 563 518 618; x_wconf 86' lang='lat' dir='ltr'>fuga</span> <span class='ocrx_word' id='word_1_64' title='bbox 550 577 626 617; x_wconf 88' lang='lat' dir='ltr'>per</span> <span class='ocrx_word' id='word_1_65' title='bbox 658 577 802 619; x_wconf 26' lang='lat' dir='ltr'>agros*</span> <span class='ocrx_word' id='word_1_66' title='bbox 820 563 1013 618; x_wconf 89' lang='lat' dir='ltr'>fuerant,</span> <span class='ocrx_word' id='word_1_67' title='bbox 1044 578 1290 619; x_wconf 86' lang='lat' dir='ltr'>pervenere.</span> <span class='ocrx_word' id='word_1_68' title='bbox 1341 579 1412 607; x_wconf 91' lang='lat' dir='ltr'>eos</span> <span class='ocrx_word' id='word_1_69' title='bbox 1448 580 1595 609; x_wconf 89' lang='lat' dir='ltr'>omnes</span> <span class='ocrx_word' id='word_1_70' title='bbox 1621 567 1706 609; x_wconf 91' lang='lat' dir='ltr'>Ve-</span> <span class='ocrx_word' id='word_1_71' title='bbox 1732 577 1752 608; x_wconf 85' lang='lat'>2</span> 
     </span>
     <span class='ocr_line' id='line_1_10' title="bbox 139 622 1706 680; baseline 0.003 -16"><span class='ocrx_word' id='word_1_72' title='bbox 139 623 285 664; x_wconf 88' lang='lat' dir='ltr'>nusini</span> <span class='ocrx_word' id='word_1_73' title='bbox 315 636 393 676; x_wconf 89' lang='lat' dir='ltr'>per</span> <span class='ocrx_word' id='word_1_74' title='bbox 424 622 612 663; x_wconf 87' lang='lat' dir='ltr'>familias</span> <span class='ocrx_word' id='word_1_75' title='bbox 651 622 838 678; x_wconf 87' lang='lat' dir='ltr'>benigne</span> <span class='ocrx_word' id='word_1_76' title='bbox 879 623 1150 677; x_wconf 86' lang='lat' dir='ltr'>accipiendos</span> <span class='ocrx_word' id='word_1_77' title='bbox 1191 623 1486 680; x_wconf 86' lang='lat' dir='ltr'>curandosque</span> <span class='ocrx_word' id='word_1_78' title='bbox 1520 640 1615 668; x_wconf 87' lang='lat' dir='ltr'>cum</span> <span class='ocrx_word' id='word_1_79' title='bbox 1648 626 1706 668; x_wconf 90' lang='lat' dir='ltr'>di-</span> 
     </span>
     <span class='ocr_line' id='line_1_11' title="bbox 138 680 1706 740; baseline 0.004 -18"><span class='ocrx_word' id='word_1_80' title='bbox 138 681 358 735; x_wconf 90' lang='lat' dir='ltr'>visissent,</span> <span class='ocrx_word' id='word_1_81' title='bbox 396 680 441 722; x_wconf 90' lang='lat' dir='ltr'>in</span> <span class='ocrx_word' id='word_1_82' title='bbox 481 681 673 736; x_wconf 87' lang='lat' dir='ltr'>singulos</span> <span class='ocrx_word' id='word_1_83' title='bbox 707 681 872 736; x_wconf 89' lang='lat' dir='ltr'>equites</span> <span class='ocrx_word' id='word_1_84' title='bbox 912 685 1037 737; x_wconf 89' lang='lat' dir='ltr'>togas</span> <span class='ocrx_word' id='word_1_85' title='bbox 1076 685 1118 724; x_wconf 88' lang='lat' dir='ltr'>ct</span> <span class='ocrx_word' id='word_1_86' title='bbox 1149 683 1320 725; x_wconf 88' lang='lat' dir='ltr'>tunicas</span> <span class='ocrx_word' id='word_1_87' title='bbox 1354 686 1397 725; x_wconf 87' lang='lat' dir='ltr'>et</span> <span class='ocrx_word' id='word_1_88' title='bbox 1429 685 1706 740; x_wconf 86' lang='lat' dir='ltr'>quadrigatos</span> 
     </span>
     <span class='ocr_line' id='line_1_12' title="bbox 137 740 1708 800; baseline 0.004 -20"><span class='ocrx_word' id='word_1_89' title='bbox 137 754 336 781; x_wconf 90' lang='lat' dir='ltr'>nummos</span> <span class='ocrx_word' id='word_1_90' title='bbox 363 740 519 794; x_wconf 92' lang='lat' dir='ltr'>quinos</span> <span class='ocrx_word' id='word_1_91' title='bbox 546 741 720 782; x_wconf 83' lang='lat' dir='ltr'>vicenos</span> <span class='ocrx_word' id='word_1_92' title='bbox 748 743 791 782; x_wconf 91' lang='lat' dir='ltr'>et</span> <span class='ocrx_word' id='word_1_93' title='bbox 809 741 945 796; x_wconf 88' lang='lat' dir='ltr'>pediti</span> <span class='ocrx_word' id='word_1_94' title='bbox 964 741 1097 783; x_wconf 91' lang='lat' dir='ltr'>denos</span> <span class='ocrx_word' id='word_1_95' title='bbox 1118 744 1161 783; x_wconf 90' lang='lat' dir='ltr'>et</span> <span class='ocrx_word' id='word_1_96' title='bbox 1183 757 1315 796; x_wconf 89' lang='lat' dir='ltr'>arma,</span> <span class='ocrx_word' id='word_1_97' title='bbox 1344 742 1498 797; x_wconf 89' lang='lat' dir='ltr'>quibus</span> <span class='ocrx_word' id='word_1_98' title='bbox 1520 744 1708 800; x_wconf 88' lang='lat' dir='ltr'>deerant,</span> 
     </span>
     <span class='ocr_line' id='line_1_13' title="bbox 138 798 1707 857; baseline 0.004 -18"><span class='ocrx_word' id='word_1_99' title='bbox 138 798 363 852; x_wconf 87' lang='lat' dir='ltr'>dederuut,</span> <span class='ocrx_word' id='word_1_100' title='bbox 395 801 619 854; x_wconf 85' lang='lat' dir='ltr'>ceteraque</span> <span class='ocrx_word' id='word_1_101' title='bbox 651 800 820 854; x_wconf 90' lang='lat' dir='ltr'>publice</span> <span class='ocrx_word' id='word_1_102' title='bbox 854 814 903 842; x_wconf 92' lang='lat' dir='ltr'>ac</span> <span class='ocrx_word' id='word_1_103' title='bbox 934 801 1136 855; x_wconf 83' lang='lat' dir='ltr'>privatim</span> <span class='ocrx_word' id='word_1_104' title='bbox 1169 801 1443 855; x_wconf 83' lang='lat' dir='ltr'>hospitaliter</span> <span class='ocrx_word' id='word_1_105' title='bbox 1468 802 1594 857; x_wconf 84' lang='lat' dir='ltr'>facta,</span> <span class='ocrx_word' id='word_1_106' title='bbox 1621 818 1707 845; x_wconf 87' lang='lat' dir='ltr'>cer-</span> 
     </span>
     <span class='ocr_line' id='line_1_14' title="bbox 135 857 1707 915; baseline 0.004 -17"><span class='ocrx_word' id='word_1_107' title='bbox 135 859 374 912; x_wconf 88' lang='lat' dir='ltr'>tatumque,</span> <span class='ocrx_word' id='word_1_108' title='bbox 394 872 446 898; x_wconf 87' lang='lat' dir='ltr'>ne</span> <span class='ocrx_word' id='word_1_109' title='bbox 474 873 498 899; x_wconf 88' lang='lat' dir='ltr'>a</span> <span class='ocrx_word' id='word_1_110' title='bbox 518 859 696 900; x_wconf 88' lang='lat' dir='ltr'>muliere</span> <span class='ocrx_word' id='word_1_111' title='bbox 719 857 939 901; x_wconf 86' lang='lat' dir='ltr'>Canusina</span> <span class='ocrx_word' id='word_1_112' title='bbox 958 860 1145 915; x_wconf 89' lang='lat' dir='ltr'>populus</span> <span class='ocrx_word' id='word_1_113' title='bbox 1163 859 1410 902; x_wconf 91' lang='lat' dir='ltr'>Venusinus</span> <span class='ocrx_word' id='word_1_114' title='bbox 1438 861 1592 904; x_wconf 87' lang='lat' dir='ltr'>officiis</span> <span class='ocrx_word' id='word_1_115' title='bbox 1618 863 1707 904; x_wconf 82' lang='lat' dir='ltr'>vin-</span> 
     </span>
     <span class='ocr_line' id='line_1_15' title="bbox 137 917 1709 974; baseline 0.004 -17"><span class='ocrx_word' id='word_1_116' title='bbox 137 919 314 958; x_wconf 90' lang='lat' dir='ltr'>ceretur.</span> <span class='ocrx_word' id='word_1_117' title='bbox 360 917 434 958; x_wconf 91' lang='lat' dir='ltr'>sed</span> <span class='ocrx_word' id='word_1_118' title='bbox 460 918 633 972; x_wconf 77' lang='lat' dir='ltr'>gravius</span> <span class='ocrx_word' id='word_1_119' title='bbox 661 932 769 960; x_wconf 90' lang='lat' dir='ltr'>onus</span> <span class='ocrx_word' id='word_1_120' title='bbox 791 917 934 961; x_wconf 89' lang='lat' dir='ltr'>Busae</span> <span class='ocrx_word' id='word_1_121' title='bbox 960 919 1190 960; x_wconf 87' lang='lat' dir='ltr'>multitudo</span> <span class='ocrx_word' id='word_1_122' title='bbox 1223 920 1430 974; x_wconf 84' lang='lat' dir='ltr'>faciebat,</span> <span class='ocrx_word' id='word_1_123' title='bbox 1469 923 1512 962; x_wconf 87' lang='lat' dir='ltr'>et</span> <span class='ocrx_word' id='word_1_124' title='bbox 1536 921 1623 963; x_wconf 88' lang='lat' dir='ltr'>iam</span> <span class='ocrx_word' id='word_1_125' title='bbox 1656 922 1709 964; x_wconf 87' lang='lat' dir='ltr'>ad</span> 
     </span>
     <span class='ocr_line' id='line_1_16' title="bbox 139 975 1751 1035; baseline 0.003 -18"><span class='ocrx_word' id='word_1_126' title='bbox 139 975 283 1017; x_wconf 89' lang='lat' dir='ltr'>decem</span> <span class='ocrx_word' id='word_1_127' title='bbox 304 975 423 1017; x_wconf 88' lang='lat' dir='ltr'>milia</span> <span class='ocrx_word' id='word_1_128' title='bbox 442 976 665 1018; x_wconf 89' lang='lat' dir='ltr'>hominum</span> <span class='ocrx_word' id='word_1_129' title='bbox 693 980 827 1020; x_wconf 84' lang='lat' dir='ltr'>erant.</span> <span class='ocrx_word' id='word_1_130' title='bbox 872 976 1124 1033; x_wconf 87' lang='lat' dir='ltr'>Appiusque</span> <span class='ocrx_word' id='word_1_131' title='bbox 1146 980 1189 1019; x_wconf 88' lang='lat' dir='ltr'>et</span> <span class='ocrx_word' id='word_1_132' title='bbox 1208 976 1368 1034; x_wconf 80' lang='lat' dir='ltr'>Scipio,</span> <span class='ocrx_word' id='word_1_133' title='bbox 1394 982 1625 1035; x_wconf 85' lang='lat' dir='ltr'>postquam</span> <span class='ocrx_word' id='word_1_134' title='bbox 1645 981 1708 1022; x_wconf 92' lang='lat' dir='ltr'>in-</span> <span class='ocrx_word' id='word_1_135' title='bbox 1739 998 1751 1006; x_wconf 88' lang='lat'><em>·</em></span> 
     </span>
     <span class='ocr_line' id='line_1_17' title="bbox 140 1035 1708 1094; baseline 0.003 -17"><span class='ocrx_word' id='word_1_136' title='bbox 140 1035 352 1077; x_wconf 88' lang='lat' dir='ltr'>columem</span> <span class='ocrx_word' id='word_1_137' title='bbox 386 1049 477 1076; x_wconf 91' lang='lat' dir='ltr'>esse</span> <span class='ocrx_word' id='word_1_138' title='bbox 508 1036 690 1077; x_wconf 86' lang='lat' dir='ltr'>alterum</span> <span class='ocrx_word' id='word_1_139' title='bbox 722 1037 941 1078; x_wconf 91' lang='lat' dir='ltr'>consulem</span> <span class='ocrx_word' id='word_1_140' title='bbox 965 1039 1237 1091; x_wconf 89' lang='lat' dir='ltr'>acceperunt,</span> <span class='ocrx_word' id='word_1_141' title='bbox 1263 1038 1464 1080; x_wconf 90' lang='lat' dir='ltr'>nuntium</span> <span class='ocrx_word' id='word_1_142' title='bbox 1492 1040 1708 1094; x_wconf 81' lang='lat' dir='ltr'>extemplo</span> 
     </span>
     <span class='ocr_line' id='line_1_18' title="bbox 138 1093 1709 1154; baseline 0.004 -20"><span class='ocrx_word' id='word_1_143' title='bbox 138 1093 335 1145; x_wconf 90' lang='lat' dir='ltr'>mittunt,</span> <span class='ocrx_word' id='word_1_144' title='bbox 380 1097 565 1147; x_wconf 88' lang='lat' dir='ltr'>quantae</span> <span class='ocrx_word' id='word_1_145' title='bbox 617 1109 762 1136; x_wconf 88' lang='lat' dir='ltr'>secum</span> <span class='ocrx_word' id='word_1_146' title='bbox 805 1096 999 1149; x_wconf 89' lang='lat' dir='ltr'>peditum</span> <span class='ocrx_word' id='word_1_147' title='bbox 1043 1097 1320 1151; x_wconf 88' lang='lat' dir='ltr'>equitumque</span> <span class='ocrx_word' id='word_1_148' title='bbox 1364 1098 1512 1152; x_wconf 87' lang='lat' dir='ltr'>copiae</span> <span class='ocrx_word' id='word_1_149' title='bbox 1552 1102 1709 1154; x_wconf 86' lang='lat' dir='ltr'>essent,</span> 
     </span>
     <span class='ocr_line' id='line_1_19' title="bbox 141 1152 1708 1207; baseline 0.003 -13"><span class='ocrx_word' id='word_1_150' title='bbox 141 1152 493 1207; x_wconf 85' lang='lat' dir='ltr'>sciscitatumque</span> <span class='ocrx_word' id='word_1_151' title='bbox 540 1154 685 1206; x_wconf 89' lang='lat' dir='ltr'>simul,</span> <span class='ocrx_word' id='word_1_152' title='bbox 730 1157 876 1196; x_wconf 90' lang='lat' dir='ltr'>utrum</span> <span class='ocrx_word' id='word_1_153' title='bbox 908 1154 1145 1197; x_wconf 88' lang='lat' dir='ltr'>Venusiam</span> <span class='ocrx_word' id='word_1_154' title='bbox 1185 1155 1338 1197; x_wconf 84' lang='lat' dir='ltr'>adduci</span> <span class='ocrx_word' id='word_1_155' title='bbox 1380 1157 1613 1198; x_wconf 85' lang='lat' dir='ltr'>exercitum</span> <span class='ocrx_word' id='word_1_156' title='bbox 1652 1173 1708 1199; x_wconf 87' lang='lat' dir='ltr'>an</span> 
     </span>
     <span class='ocr_line' id='line_1_20' title="bbox 138 1211 1706 1271; baseline 0.004 -20"><span class='ocrx_word' id='word_1_157' title='bbox 138 1225 313 1252; x_wconf 85' lang='lat' dir='ltr'>manere</span> <span class='ocrx_word' id='word_1_158' title='bbox 345 1211 514 1253; x_wconf 87' lang='lat' dir='ltr'>iuberet</span> <span class='ocrx_word' id='word_1_159' title='bbox 545 1211 734 1254; x_wconf 84' lang='lat' dir='ltr'>Canusii.</span> <span class='ocrx_word' id='word_1_160' title='bbox 780 1212 919 1256; x_wconf 85' lang='lat' dir='ltr'>Varro</span> <span class='ocrx_word' id='word_1_161' title='bbox 948 1214 1041 1268; x_wconf 89' lang='lat' dir='ltr'>ipse</span> <span class='ocrx_word' id='word_1_162' title='bbox 1064 1212 1300 1256; x_wconf 90' lang='lat' dir='ltr'>Canusium</span> <span class='ocrx_word' id='word_1_163' title='bbox 1326 1215 1472 1269; x_wconf 89' lang='lat' dir='ltr'>copias</span> <span class='ocrx_word' id='word_1_164' title='bbox 1499 1217 1706 1271; x_wconf 82' lang='lat' dir='ltr'>traduxit3</span> 
     </span>
     <span class='ocr_line' id='line_1_21' title="bbox 138 1270 1706 1329; baseline 0.004 -18"><span class='ocrx_word' id='word_1_165' title='bbox 138 1273 183 1312; x_wconf 89' lang='lat' dir='ltr'>et</span> <span class='ocrx_word' id='word_1_166' title='bbox 213 1270 300 1311; x_wconf 86' lang='lat' dir='ltr'>iam</span> <span class='ocrx_word' id='word_1_167' title='bbox 332 1270 477 1324; x_wconf 85' lang='lat' dir='ltr'>aliqua</span> <span class='ocrx_word' id='word_1_168' title='bbox 517 1271 679 1325; x_wconf 91' lang='lat' dir='ltr'>species</span> <span class='ocrx_word' id='word_1_169' title='bbox 719 1273 956 1314; x_wconf 84' lang='lat' dir='ltr'>consularis</span> <span class='ocrx_word' id='word_1_170' title='bbox 997 1273 1208 1315; x_wconf 85' lang='lat' dir='ltr'>exercitus</span> <span class='ocrx_word' id='word_1_171' title='bbox 1248 1276 1358 1327; x_wconf 88' lang='lat' dir='ltr'>erat,</span> <span class='ocrx_word' id='word_1_172' title='bbox 1397 1276 1706 1329; x_wconf 90' lang='lat' dir='ltr'>moenibusque</span> 
     </span>
     <span class='ocr_line' id='line_1_22' title="bbox 139 1330 1551 1385; baseline 0.004 -16"><span class='ocrx_word' id='word_1_173' title='bbox 139 1343 184 1370; x_wconf 88' lang='lat' dir='ltr'>se</span> <span class='ocrx_word' id='word_1_174' title='bbox 216 1331 346 1382; x_wconf 88' lang='lat' dir='ltr'>certe,</span> <span class='ocrx_word' id='word_1_175' title='bbox 379 1330 459 1370; x_wconf 88' lang='lat' dir='ltr'>etsi</span> <span class='ocrx_word' id='word_1_176' title='bbox 489 1344 578 1371; x_wconf 89' lang='lat' dir='ltr'>non</span> <span class='ocrx_word' id='word_1_177' title='bbox 610 1331 758 1385; x_wconf 88' lang='lat' dir='ltr'>armis,</span> <span class='ocrx_word' id='word_1_178' title='bbox 790 1332 844 1373; x_wconf 89' lang='lat' dir='ltr'>ab</span> <span class='ocrx_word' id='word_1_179' title='bbox 877 1331 1001 1373; x_wconf 89' lang='lat' dir='ltr'>hoste</span> <span class='ocrx_word' id='word_1_180' title='bbox 1033 1332 1289 1373; x_wconf 83' lang='lat' dir='ltr'>videbantur</span> <span class='ocrx_word' id='word_1_181' title='bbox 1322 1333 1551 1376; x_wconf 89' lang='lat' dir='ltr'>defensuri.</span> 
     </span>
     <span class='ocr_line' id='line_1_23' title="bbox 256 1387 1707 1446; baseline 0.004 -17"><span class='ocrx_word' id='word_1_182' title='bbox 256 1387 443 1430; x_wconf 86' lang='lat' dir='ltr'>Romam</span> <span class='ocrx_word' id='word_1_183' title='bbox 475 1402 528 1430; x_wconf 93' lang='lat' dir='ltr'>ne</span> <span class='ocrx_word' id='word_1_184' title='bbox 560 1388 639 1430; x_wconf 89' lang='lat' dir='ltr'>has</span> <span class='ocrx_word' id='word_1_185' title='bbox 672 1390 843 1444; x_wconf 90' lang='lat' dir='ltr'>quidem</span> <span class='ocrx_word' id='word_1_186' title='bbox 876 1391 1076 1446; x_wconf 89' lang='lat' dir='ltr'>reliquias</span> <span class='ocrx_word' id='word_1_187' title='bbox 1118 1405 1342 1445; x_wconf 90' lang='lat' dir='ltr'>superesse</span> <span class='ocrx_word' id='word_1_188' title='bbox 1381 1392 1538 1433; x_wconf 87' lang='lat' dir='ltr'>civium</span> <span class='ocrx_word' id='word_1_189' title='bbox 1571 1393 1707 1436; x_wconf 86' lang='lat' dir='ltr'>socio-</span> 
     </span>
     <span class='ocr_line' id='line_1_24' title="bbox 140 1447 1706 1501; baseline 0.004 -14"><span class='ocrx_word' id='word_1_190' title='bbox 140 1461 338 1501; x_wconf 85' lang='lat' dir='ltr'>rumque,</span> <span class='ocrx_word' id='word_1_191' title='bbox 370 1447 442 1487; x_wconf 89' lang='lat' dir='ltr'>sed</span> <span class='ocrx_word' id='word_1_192' title='bbox 476 1448 696 1489; x_wconf 91' lang='lat' dir='ltr'>occidione</span> <span class='ocrx_word' id='word_1_193' title='bbox 738 1449 927 1490; x_wconf 89' lang='lat' dir='ltr'>occisum</span> <span class='ocrx_word' id='word_1_194' title='bbox 960 1465 1054 1491; x_wconf 91' lang='lat' dir='ltr'>cum</span> <span class='ocrx_word' id='word_1_195' title='bbox 1086 1450 1316 1492; x_wconf 60' lang='lat' dir='ltr'>consulzbus</span> <span class='ocrx_word' id='word_1_196' title='bbox 1347 1450 1514 1492; x_wconf 89' lang='lat' dir='ltr'>duobus</span> <span class='ocrx_word' id='word_1_197' title='bbox 1551 1453 1706 1494; x_wconf 84' lang='lat' dir='ltr'>exerci-</span> 
     </span>
     <span class='ocr_line' id='line_1_25' title="bbox 139 1505 1707 1564; baseline 0.004 -18"><span class='ocrx_word' id='word_1_198' title='bbox 139 1508 231 1546; x_wconf 89' lang='lat' dir='ltr'>tum</span> <span class='ocrx_word' id='word_1_199' title='bbox 264 1505 510 1560; x_wconf 88' lang='lat' dir='ltr'>deletasque</span> <span class='ocrx_word' id='word_1_200' title='bbox 544 1520 692 1548; x_wconf 90' lang='lat' dir='ltr'>omnes</span> <span class='ocrx_word' id='word_1_201' title='bbox 726 1508 874 1562; x_wconf 92' lang='lat' dir='ltr'>copias</span> <span class='ocrx_word' id='word_1_202' title='bbox 907 1509 1098 1550; x_wconf 87' lang='lat' dir='ltr'>adlatum</span> <span class='ocrx_word' id='word_1_203' title='bbox 1131 1508 1283 1550; x_wconf 87' lang='lat' dir='ltr'>fuerat.</span> <span class='ocrx_word' id='word_1_204' title='bbox 1327 1523 1562 1564; x_wconf 91' lang='lat' dir='ltr'>numquam</span> <span class='ocrx_word' id='word_1_205' title='bbox 1589 1512 1707 1553; x_wconf 86' lang='lat' dir='ltr'>salva</span> 
     </span>
    </p>
   </div>
   <div class='ocr_carea' id='block_1_8' title="bbox 135 1597 889 2902">
    <p class='ocr_par' dir='ltr' id='par_1_8' title="bbox 135 1597 886 1880">
     <span class='ocr_line' id='line_1_26' title="bbox 135 1597 884 1643; baseline 0.004 -10"><span class='ocrx_word' id='word_1_206' title='bbox 135 1601 158 1633; x_wconf 89' lang='lat'>8</span> <span class='ocrx_word' id='word_1_207' title='bbox 183 1597 223 1632; x_wconf 88' lang='lat' dir='ltr'>in</span> <span class='ocrx_word' id='word_1_208' title='bbox 249 1597 314 1632; x_wconf 88' lang='lat' dir='ltr'>der</span> <span class='ocrx_word' id='word_1_209' title='bbox 339 1598 486 1633; x_wconf 84' lang='lat' dir='ltr'>Formel</span> <span class='ocrx_word' id='word_1_210' title='bbox 519 1598 619 1634; x_wconf 88' lang='lat' dir='ltr'>eines</span> <span class='ocrx_word' id='word_1_211' title='bbox 641 1599 788 1643; x_wconf 86' lang='lat' dir='ltr'>foedus;</span> <span class='ocrx_word' id='word_1_212' title='bbox 821 1601 884 1636; x_wconf 87' lang='lat' dir='ltr'>da-</span> 
     </span>
     <span class='ocr_line' id='line_1_27' title="bbox 137 1644 886 1691; baseline 0.005 -12"><span class='ocrx_word' id='word_1_213' title='bbox 137 1645 203 1680; x_wconf 89' lang='lat' dir='ltr'>her</span> <span class='ocrx_word' id='word_1_214' title='bbox 226 1644 332 1679; x_wconf 90' lang='lat' dir='ltr'>nicht</span> <span class='ocrx_word' id='word_1_215' title='bbox 362 1646 458 1680; x_wconf 90' lang='lat' dir='ltr'>nach</span> <span class='ocrx_word' id='word_1_216' title='bbox 486 1645 630 1691; x_wconf 83' lang='lat' dir='ltr'>jungen</span> <span class='ocrx_word' id='word_1_217' title='bbox 654 1646 812 1682; x_wconf 87' lang='lat' dir='ltr'>Hdschr.</span> <span class='ocrx_word' id='word_1_218' title='bbox 844 1651 886 1683; x_wconf 80' lang='lat' dir='ltr'>tu</span> 
     </span>
     <span class='ocr_line' id='line_1_28' title="bbox 135 1692 884 1740; baseline 0.004 -13"><span class='ocrx_word' id='word_1_219' title='bbox 135 1703 189 1727; x_wconf 87' lang='lat' dir='ltr'>me</span> <span class='ocrx_word' id='word_1_220' title='bbox 214 1703 259 1726; x_wconf 93' lang='lat' dir='ltr'>zu</span> <span class='ocrx_word' id='word_1_221' title='bbox 278 1692 392 1736; x_wconf 84' lang='lat' dir='ltr'>lesen,</span> <span class='ocrx_word' id='word_1_222' title='bbox 418 1692 488 1727; x_wconf 91' lang='lat' dir='ltr'>mit</span> <span class='ocrx_word' id='word_1_223' title='bbox 507 1693 631 1738; x_wconf 84' lang='lat' dir='ltr'>Bezug</span> <span class='ocrx_word' id='word_1_224' title='bbox 656 1694 722 1728; x_wconf 86' lang='lat' dir='ltr'>auf</span> <span class='ocrx_word' id='word_1_225' title='bbox 738 1696 781 1729; x_wconf 86' lang='lat' dir='ltr'>ut</span> <span class='ocrx_word' id='word_1_226' title='bbox 801 1706 884 1740; x_wconf 87' lang='lat' dir='ltr'>ego.</span> 
     </span>
     <span class='ocr_line' id='line_1_29' title="bbox 138 1740 883 1784; baseline 0.003 -10"><span class='ocrx_word' id='word_1_227' title='bbox 138 1758 181 1765; x_wconf 94' lang='lat'>—</span> <span class='ocrx_word' id='word_1_228' title='bbox 216 1740 313 1774; x_wconf 81' lang='lat' dir='ltr'>iures</span> <span class='ocrx_word' id='word_1_229' title='bbox 341 1740 504 1784; x_wconf 77' lang='lat' dir='ltr'>postulo:</span> <span class='ocrx_word' id='word_1_230' title='bbox 536 1740 824 1776; x_wconf 85' lang='lat' dir='ltr'>Pseudofrontin</span> <span class='ocrx_word' id='word_1_231' title='bbox 858 1742 883 1776; x_wconf 93' lang='lat' dir='ltr'>l.</span> 
     </span>
     <span class='ocr_line' id='line_1_30' title="bbox 138 1786 884 1833; baseline 0.004 -13"><span class='ocrx_word' id='word_1_232' title='bbox 138 1797 189 1821; x_wconf 88' lang='lat' dir='ltr'>c.:</span> <span class='ocrx_word' id='word_1_233' title='bbox 229 1797 312 1821; x_wconf 89' lang='lat' dir='ltr'>cum</span> <span class='ocrx_word' id='word_1_234' title='bbox 346 1786 425 1831; x_wconf 90' lang='lat' dir='ltr'>ipse</span> <span class='ocrx_word' id='word_1_235' title='bbox 451 1787 597 1831; x_wconf 87' lang='lat' dir='ltr'>primus</span> <span class='ocrx_word' id='word_1_236' title='bbox 631 1799 669 1823; x_wconf 90' lang='lat' dir='ltr'>se</span> <span class='ocrx_word' id='word_1_237' title='bbox 702 1788 884 1833; x_wconf 85' lang='lat' dir='ltr'>religione</span> 
     </span>
     <span class='ocr_line' id='line_1_31' title="bbox 136 1832 883 1880; baseline 0.004 -13"><span class='ocrx_word' id='word_1_238' title='bbox 136 1832 206 1868; x_wconf 86' lang='lat' dir='ltr'>tali</span> <span class='ocrx_word' id='word_1_239' title='bbox 227 1833 441 1878; x_wconf 85' lang='lat' dir='ltr'>obligasset,</span> <span class='ocrx_word' id='word_1_240' title='bbox 462 1833 533 1869; x_wconf 88' lang='lat' dir='ltr'>Dio</span> <span class='ocrx_word' id='word_1_241' title='bbox 549 1833 649 1870; x_wconf 87' lang='lat' dir='ltr'>Cass.</span> <span class='ocrx_word' id='word_1_242' title='bbox 670 1835 738 1880; x_wconf 86' lang='lat' dir='ltr'>frg.</span> <span class='ocrx_word' id='word_1_243' title='bbox 756 1839 812 1878; x_wconf 89' lang='lat'>57,</span> <span class='ocrx_word' id='word_1_244' title='bbox 827 1840 883 1870; x_wconf 84' lang='lat'>29.</span> 
     </span>
    </p>

    <p class='ocr_par' dir='ltr' id='par_1_9' title="bbox 135 1879 889 2902">
     <span class='ocr_line' id='line_1_32' title="bbox 184 1879 887 1923; baseline 0.004 -9"><span class='ocrx_word' id='word_1_245' title='bbox 184 1879 246 1922; x_wconf 81' lang='lat'>54,</span> <span class='ocrx_word' id='word_1_246' title='bbox 275 1885 376 1915; x_wconf 92' lang='lat'>1—3.</span> <span class='ocrx_word' id='word_1_247' title='bbox 422 1880 636 1923; x_wconf 76' lang='lat' dir='ltr'>Venusiam,</span> <span class='ocrx_word' id='word_1_248' title='bbox 667 1881 887 1917; x_wconf 84' lang='lat' dir='ltr'>Vaterstadt</span> 
     </span>
     <span class='ocr_line' id='line_1_33' title="bbox 137 1926 886 1969; baseline 0.005 -9"><span class='ocrx_word' id='word_1_249' title='bbox 137 1926 201 1961; x_wconf 84' lang='lat' dir='ltr'>des</span> <span class='ocrx_word' id='word_1_250' title='bbox 234 1927 372 1969; x_wconf 84' lang='lat' dir='ltr'>Horaz,</span> <span class='ocrx_word' id='word_1_251' title='bbox 407 1928 477 1962; x_wconf 87' lang='lat' dir='ltr'>seit</span> <span class='ocrx_word' id='word_1_252' title='bbox 503 1931 570 1962; x_wconf 88' lang='lat'>292</span> <span class='ocrx_word' id='word_1_253' title='bbox 603 1941 637 1962; x_wconf 87' lang='lat' dir='ltr'>v.</span> <span class='ocrx_word' id='word_1_254' title='bbox 666 1928 749 1963; x_wconf 87' lang='lat' dir='ltr'>Chr.</span> <span class='ocrx_word' id='word_1_255' title='bbox 776 1929 886 1963; x_wconf 77' lang='lat' dir='ltr'>romi-</span> 
     </span>
     <span class='ocr_line' id='line_1_34' title="bbox 138 1973 886 2020; baseline 0.005 -13"><span class='ocrx_word' id='word_1_256' title='bbox 138 1973 225 2008; x_wconf 82' lang='lat' dir='ltr'>sche</span> <span class='ocrx_word' id='word_1_257' title='bbox 246 1973 414 2017; x_wconf 86' lang='lat' dir='ltr'>Kolonie,</span> <span class='ocrx_word' id='word_1_258' title='bbox 436 1986 466 2009; x_wconf 91' lang='lat' dir='ltr'>c.</span> <span class='ocrx_word' id='word_1_259' title='bbox 487 1979 550 2018; x_wconf 88' lang='lat'>49,</span> <span class='ocrx_word' id='word_1_260' title='bbox 576 1979 628 2010; x_wconf 88' lang='lat'>14.</span> <span class='ocrx_word' id='word_1_261' title='bbox 653 1995 694 2000; x_wconf 89' lang='lat'>——</span> <span class='ocrx_word' id='word_1_262' title='bbox 723 1976 886 2020; x_wconf 70' lang='lat' dir='ltr'>benique,</span> 
     </span>
     <span class='ocr_line' id='line_1_35' title="bbox 137 2022 885 2067; baseline 0.003 -12"><span class='ocrx_word' id='word_1_263' title='bbox 137 2024 172 2064; x_wconf 85' lang='lat'>2,</span> <span class='ocrx_word' id='word_1_264' title='bbox 195 2024 251 2064; x_wconf 87' lang='lat'>35,</span> <span class='ocrx_word' id='word_1_265' title='bbox 272 2024 292 2055; x_wconf 90' lang='grc'><strong>6</strong></span> <span class='ocrx_word' id='word_1_266' title='bbox 320 2022 401 2055; x_wconf 91' lang='lat' dir='ltr'>ben.</span> <span class='ocrx_word' id='word_1_267' title='bbox 430 2022 596 2066; x_wconf 74' lang='lat' dir='ltr'>excipere</span> <span class='ocrx_word' id='word_1_268' title='bbox 617 2022 729 2066; x_wconf 87' lang='lat' dir='ltr'>alqm,</span> <span class='ocrx_word' id='word_1_269' title='bbox 751 2026 807 2067; x_wconf 88' lang='lat'>29,</span> <span class='ocrx_word' id='word_1_270' title='bbox 829 2027 885 2067; x_wconf 90' lang='lat'>22,</span> 
     </span>
     <span class='ocr_line' id='line_1_36' title="bbox 142 2068 887 2113; baseline 0.005 -12"><span class='ocrx_word' id='word_1_271' title='bbox 142 2071 162 2102; x_wconf 87' lang='grc'><strong>2</strong></span> <span class='ocrx_word' id='word_1_272' title='bbox 185 2068 339 2102; x_wconf 87' lang='lat' dir='ltr'>comiter</span> <span class='ocrx_word' id='word_1_273' title='bbox 359 2068 538 2113; x_wconf 86' lang='lat' dir='ltr'>accipere,</span> <span class='ocrx_word' id='word_1_274' title='bbox 560 2069 675 2104; x_wconf 69' lang='lat' dir='ltr'>naher</span> <span class='ocrx_word' id='word_1_275' title='bbox 693 2069 887 2105; x_wconf 87' lang='lat' dir='ltr'>bestimmt</span> 
     </span>
     <span class='ocr_line' id='line_1_37' title="bbox 138 2115 886 2162; baseline 0.004 -14"><span class='ocrx_word' id='word_1_276' title='bbox 138 2115 256 2149; x_wconf 88' lang='lat' dir='ltr'>durch</span> <span class='ocrx_word' id='word_1_277' title='bbox 283 2115 464 2150; x_wconf 85' lang='lat' dir='ltr'>curandos</span> <span class='ocrx_word' id='word_1_278' title='bbox 491 2118 548 2159; x_wconf 89' lang='lat' dir='ltr'>(zu</span> <span class='ocrx_word' id='word_1_279' title='bbox 575 2119 636 2158; x_wconf 88' lang='lat'>21,</span> <span class='ocrx_word' id='word_1_280' title='bbox 664 2119 726 2159; x_wconf 89' lang='lat'>31,</span> <span class='ocrx_word' id='word_1_281' title='bbox 756 2119 807 2162; x_wconf 91' lang='lat'>1),</span> <span class='ocrx_word' id='word_1_282' title='bbox 835 2117 886 2151; x_wconf 89' lang='lat' dir='ltr'>im</span> 
     </span>
     <span class='ocr_line' id='line_1_38' title="bbox 138 2161 882 2206; baseline 0.004 -10"><span class='ocrx_word' id='word_1_283' title='bbox 138 2161 346 2206; x_wconf 85' lang='lat' dir='ltr'>Gegensatz</span> <span class='ocrx_word' id='word_1_284' title='bbox 370 2173 413 2196; x_wconf 91' lang='lat' dir='ltr'>zu</span> <span class='ocrx_word' id='word_1_285' title='bbox 433 2162 498 2197; x_wconf 87' lang='lat' dir='ltr'>der</span> <span class='ocrx_word' id='word_1_286' title='bbox 517 2162 657 2197; x_wconf 76' lang='lat' dir='ltr'>ksihlen</span> <span class='ocrx_word' id='word_1_287' title='bbox 672 2163 882 2199; x_wconf 86' lang='lat' dir='ltr'>Aufnahme</span> 
     </span>
     <span class='ocr_line' id='line_1_39' title="bbox 135 2208 883 2257; baseline 0.004 -14"><span class='ocrx_word' id='word_1_288' title='bbox 135 2208 202 2243; x_wconf 86' lang='lat' dir='ltr'>der</span> <span class='ocrx_word' id='word_1_289' title='bbox 228 2208 447 2252; x_wconf 86' lang='lat' dir='ltr'>Canusiner,</span> <span class='ocrx_word' id='word_1_290' title='bbox 481 2221 510 2244; x_wconf 90' lang='lat' dir='ltr'>c.</span> <span class='ocrx_word' id='word_1_291' title='bbox 539 2213 602 2253; x_wconf 91' lang='lat'>52,</span> <span class='ocrx_word' id='word_1_292' title='bbox 639 2215 669 2245; x_wconf 89' lang='lat'>7.</span> <span class='ocrx_word' id='word_1_293' title='bbox 698 2231 741 2236; x_wconf 86' lang='lat'>—-</span> <span class='ocrx_word' id='word_1_294' title='bbox 770 2215 883 2257; x_wconf 74' lang='lat' dir='ltr'>toyas,</span> 
     </span>
     <span class='ocr_line' id='line_1_40' title="bbox 141 2256 883 2303; baseline 0.004 -13"><span class='ocrx_word' id='word_1_295' title='bbox 141 2257 242 2291; x_wconf 74' lang='lat' dir='ltr'>sonet</span> <span class='ocrx_word' id='word_1_296' title='bbox 268 2256 333 2290; x_wconf 86' lang='lat' dir='ltr'>das</span> <span class='ocrx_word' id='word_1_297' title='bbox 358 2256 640 2292; x_wconf 84' lang='lat' dir='ltr'>Friedenskleid</span> <span class='ocrx_word' id='word_1_298' title='bbox 666 2259 717 2292; x_wconf 92' lang='lat' dir='ltr'>im</span> <span class='ocrx_word' id='word_1_299' title='bbox 739 2258 883 2303; x_wconf 88' lang='lat' dir='ltr'>Gegen-</span> 
     </span>
     <span class='ocr_line' id='line_1_41' title="bbox 139 2303 884 2348; baseline 0.005 -12"><span class='ocrx_word' id='word_1_300' title='bbox 139 2303 240 2337; x_wconf 87' lang='lat' dir='ltr'>satze</span> <span class='ocrx_word' id='word_1_301' title='bbox 265 2315 309 2337; x_wconf 90' lang='lat' dir='ltr'>zu</span> <span class='ocrx_word' id='word_1_302' title='bbox 335 2315 477 2348; x_wconf 83' lang='lat' dir='ltr'>sagum,</span> <span class='ocrx_word' id='word_1_303' title='bbox 504 2315 533 2338; x_wconf 87' lang='lat' dir='ltr'>c.</span> <span class='ocrx_word' id='word_1_304' title='bbox 559 2308 615 2348; x_wconf 87' lang='grc'>38,</span> <span class='ocrx_word' id='word_1_305' title='bbox 637 2308 668 2348; x_wconf 87' lang='grc'>9,</span> <span class='ocrx_word' id='word_1_306' title='bbox 696 2305 791 2340; x_wconf 89' lang='lat' dir='ltr'>doch</span> <span class='ocrx_word' id='word_1_307' title='bbox 812 2317 884 2341; x_wconf 90' lang='lat' dir='ltr'>von</span> 
     </span>
     <span class='ocr_line' id='line_1_42' title="bbox 139 2349 884 2387; baseline 0.004 -3"><span class='ocrx_word' id='word_1_308' title='bbox 139 2349 291 2384; x_wconf 81' lang='lat' dir='ltr'>Reitern</span> <span class='ocrx_word' id='word_1_309' title='bbox 305 2351 380 2384; x_wconf 89' lang='lat' dir='ltr'>und</span> <span class='ocrx_word' id='word_1_310' title='bbox 395 2350 589 2386; x_wconf 86' lang='lat' dir='ltr'>Offizieren</span> <span class='ocrx_word' id='word_1_311' title='bbox 601 2352 696 2386; x_wconf 91' lang='lat' dir='ltr'>auch</span> <span class='ocrx_word' id='word_1_312' title='bbox 708 2352 759 2386; x_wconf 85' lang='lat' dir='ltr'>im</span> <span class='ocrx_word' id='word_1_313' title='bbox 771 2353 884 2387; x_wconf 82' lang='lat' dir='ltr'>Felde</span> 
     </span>
     <span class='ocr_line' id='line_1_43' title="bbox 139 2397 883 2444; baseline 0.004 -13"><span class='ocrx_word' id='word_1_314' title='bbox 139 2397 266 2431; x_wconf 89' lang='lat' dir='ltr'>undin</span> <span class='ocrx_word' id='word_1_315' title='bbox 286 2397 352 2431; x_wconf 88' lang='lat' dir='ltr'>der</span> <span class='ocrx_word' id='word_1_316' title='bbox 366 2397 549 2432; x_wconf 85' lang='lat' dir='ltr'>Garnison</span> <span class='ocrx_word' id='word_1_317' title='bbox 573 2400 764 2444; x_wconf 85' lang='lat' dir='ltr'>getragen,</span> <span class='ocrx_word' id='word_1_318' title='bbox 793 2411 883 2434; x_wconf 86' lang='lat' dir='ltr'>wes-</span> 
     </span>
     <span class='ocr_line' id='line_1_44' title="bbox 138 2443 884 2491; baseline 0.004 -13"><span class='ocrx_word' id='word_1_319' title='bbox 138 2443 227 2478; x_wconf 83' lang='lat' dir='ltr'>halb</span> <span class='ocrx_word' id='word_1_320' title='bbox 246 2443 308 2478; x_wconf 89' lang='lat' dir='ltr'>bei</span> <span class='ocrx_word' id='word_1_321' title='bbox 328 2444 693 2490; x_wconf 86' lang='lat' dir='ltr'>Armeelieferungen</span> <span class='ocrx_word' id='word_1_322' title='bbox 707 2450 763 2490; x_wconf 88' lang='lat'>29,</span> <span class='ocrx_word' id='word_1_323' title='bbox 787 2451 844 2491; x_wconf 87' lang='grc'>36,</span> <span class='ocrx_word' id='word_1_324' title='bbox 865 2451 884 2481; x_wconf 90' lang='grc'><strong>3</strong></span> 
     </span>
     <span class='ocr_line' id='line_1_45' title="bbox 139 2490 886 2538; baseline 0.005 -14"><span class='ocrx_word' id='word_1_325' title='bbox 139 2490 216 2525; x_wconf 87' lang='lat' dir='ltr'>und</span> <span class='ocrx_word' id='word_1_326' title='bbox 242 2495 305 2534; x_wconf 86' lang='lat'>44,</span> <span class='ocrx_word' id='word_1_327' title='bbox 334 2495 392 2534; x_wconf 86' lang='lat'>16,</span> <span class='ocrx_word' id='word_1_328' title='bbox 422 2496 443 2525; x_wconf 87' lang='lat'>4</span> <span class='ocrx_word' id='word_1_329' title='bbox 476 2491 535 2526; x_wconf 88' lang='lat' dir='ltr'>die</span> <span class='ocrx_word' id='word_1_330' title='bbox 567 2492 658 2526; x_wconf 85' lang='lat' dir='ltr'>Zahl</span> <span class='ocrx_word' id='word_1_331' title='bbox 685 2493 750 2527; x_wconf 88' lang='lat' dir='ltr'>der</span> <span class='ocrx_word' id='word_1_332' title='bbox 775 2496 886 2538; x_wconf 87' lang='lat' dir='ltr'>togae</span> 
     </span>
     <span class='ocr_line' id='line_1_46' title="bbox 139 2537 886 2584; baseline 0.004 -12"><span class='ocrx_word' id='word_1_333' title='bbox 139 2549 208 2572; x_wconf 88' lang='lat' dir='ltr'>nur</span> <span class='ocrx_word' id='word_1_334' title='bbox 239 2537 313 2583; x_wconf 56' lang='grc' dir='ltr'><strong>Ἀθ,</strong></span> <span class='ocrx_word' id='word_1_335' title='bbox 348 2550 443 2583; x_wconf 85' lang='lat' dir='ltr'>resp.</span> <span class='ocrx_word' id='word_1_336' title='bbox 478 2538 513 2584; x_wconf 71' lang='lat' dir='ltr'>¹J5</span> <span class='ocrx_word' id='word_1_337' title='bbox 549 2538 614 2573; x_wconf 87' lang='lat' dir='ltr'>der</span> <span class='ocrx_word' id='word_1_338' title='bbox 644 2539 793 2574; x_wconf 84' lang='lat' dir='ltr'>tunicae</span> <span class='ocrx_word' id='word_1_339' title='bbox 826 2540 886 2575; x_wconf 91' lang='lat' dir='ltr'>be-</span> 
     </span>
     <span class='ocr_line' id='line_1_47' title="bbox 141 2585 888 2630; baseline 0.003 -10"><span class='ocrx_word' id='word_1_340' title='bbox 141 2585 255 2629; x_wconf 78' lang='lat' dir='ltr'>tr’agt.</span> <span class='ocrx_word' id='word_1_341' title='bbox 288 2604 334 2610; x_wconf 90' lang='lat'>—</span> <span class='ocrx_word' id='word_1_342' title='bbox 368 2587 498 2629; x_wconf 78' lang='lat' dir='ltr'>quinos</span> <span class='ocrx_word' id='word_1_343' title='bbox 523 2586 589 2620; x_wconf 73' lang='lat' dir='ltr'>vic.</span> <span class='ocrx_word' id='word_1_344' title='bbox 642 2586 709 2620; x_wconf 89' lang='lat' dir='ltr'>Die</span> <span class='ocrx_word' id='word_1_345' title='bbox 743 2587 888 2630; x_wconf 87' lang='lat' dir='ltr'>equites</span> 
     </span>
     <span class='ocr_line' id='line_1_48' title="bbox 140 2631 887 2668; baseline 0.004 -3"><span class='ocrx_word' id='word_1_346' title='bbox 140 2631 222 2666; x_wconf 85' lang='lat' dir='ltr'>sind</span> <span class='ocrx_word' id='word_1_347' title='bbox 253 2632 290 2666; x_wconf 91' lang='lat' dir='ltr'>in</span> <span class='ocrx_word' id='word_1_348' title='bbox 329 2632 540 2667; x_wconf 74' lang='lat' dir='ltr'>{ihnlichem</span> <span class='ocrx_word' id='word_1_349' title='bbox 576 2632 792 2668; x_wconf 70' lang='lat' dir='ltr'>Verhffltnis</span> <span class='ocrx_word' id='word_1_350' title='bbox 825 2633 887 2668; x_wconf 87' lang='lat' dir='ltr'>be-</span> 
     </span>
     <span class='ocr_line' id='line_1_49' title="bbox 139 2679 886 2723; baseline 0.003 -11"><span class='ocrx_word' id='word_1_351' title='bbox 139 2681 296 2723; x_wconf 85' lang='lat' dir='ltr'>vorzugt</span> <span class='ocrx_word' id='word_1_352' title='bbox 321 2679 390 2713; x_wconf 86' lang='lat' dir='ltr'>wie</span> <span class='ocrx_word' id='word_1_353' title='bbox 418 2680 516 2714; x_wconf 88' lang='lat' dir='ltr'>beim</span> <span class='ocrx_word' id='word_1_354' title='bbox 538 2680 660 2723; x_wconf 90' lang='lat' dir='ltr'>Solde,</span> <span class='ocrx_word' id='word_1_355' title='bbox 688 2680 811 2714; x_wconf 87' lang='lat' dir='ltr'>indem</span> <span class='ocrx_word' id='word_1_356' title='bbox 833 2681 886 2715; x_wconf 89' lang='lat' dir='ltr'>sie</span> 
     </span>
     <span class='ocr_line' id='line_1_50' title="bbox 140 2725 889 2771; baseline 0.004 -12"><span class='ocrx_word' id='word_1_357' title='bbox 140 2725 283 2770; x_wconf 70' lang='lat' dir='ltr'>taglich</span> <span class='ocrx_word' id='word_1_358' title='bbox 303 2725 410 2761; x_wconf 84' lang='lat' dir='ltr'>einen</span> <span class='ocrx_word' id='word_1_359' title='bbox 423 2725 557 2770; x_wconf 86' lang='lat' dir='ltr'>Denar,</span> <span class='ocrx_word' id='word_1_360' title='bbox 578 2726 637 2760; x_wconf 90' lang='lat' dir='ltr'>die</span> <span class='ocrx_word' id='word_1_361' title='bbox 657 2726 889 2771; x_wconf 66' lang='lat' dir='ltr'>Fussganger</span> 
     </span>
     <span class='ocr_line' id='line_1_51' title="bbox 141 2771 888 2818; baseline 0.004 -13"><span class='ocrx_word' id='word_1_362' title='bbox 141 2781 211 2805; x_wconf 84' lang='lat' dir='ltr'>nur</span> <span class='ocrx_word' id='word_1_363' title='bbox 242 2772 278 2818; x_wconf 71' lang='lat' dir='ltr'>¹s3</span> <span class='ocrx_word' id='word_1_364' title='bbox 309 2771 350 2806; x_wconf 94' lang='lat' dir='ltr'>D.</span> <span class='ocrx_word' id='word_1_365' title='bbox 381 2773 572 2809; x_wconf 89' lang='lat' dir='ltr'>erhielten.</span> <span class='ocrx_word' id='word_1_366' title='bbox 619 2773 744 2817; x_wconf 86' lang='lat' dir='ltr'>Polyb.</span> <span class='ocrx_word' id='word_1_367' title='bbox 774 2778 805 2816; x_wconf 91' lang='lat'>6,</span> <span class='ocrx_word' id='word_1_368' title='bbox 833 2778 888 2816; x_wconf 89' lang='lat'>39,</span> 
     </span>
     <span class='ocr_line' id='line_1_52' title="bbox 144 2819 889 2856; baseline 0.005 -5"><span class='ocrx_word' id='word_1_369' title='bbox 144 2821 205 2852; x_wconf 88' lang='lat'>12:</span> <span class='ocrx_word' id='word_1_370' title='bbox 232 2829 269 2854; x_wconf 86' lang='lat' dir='ltr'>es</span> <span class='ocrx_word' id='word_1_371' title='bbox 295 2819 386 2854; x_wconf 84' lang='lat' dir='ltr'>wird</span> <span class='ocrx_word' id='word_1_372' title='bbox 413 2821 490 2855; x_wconf 87' lang='lat' dir='ltr'>also</span> <span class='ocrx_word' id='word_1_373' title='bbox 518 2822 614 2855; x_wconf 82' lang='lat' dir='ltr'>etwa</span> <span class='ocrx_word' id='word_1_374' title='bbox 646 2820 704 2855; x_wconf 88' lang='lat' dir='ltr'>ein</span> <span class='ocrx_word' id='word_1_375' title='bbox 726 2820 889 2856; x_wconf 74' lang='lat' dir='ltr'>Monate-</span> 
     </span>
     <span class='ocr_line' id='line_1_53' title="bbox 142 2864 476 2902; baseline 0.009 -5"><span class='ocrx_word' id='word_1_376' title='bbox 142 2864 224 2898; x_wconf 85' lang='lat' dir='ltr'>sold</span> <span class='ocrx_word' id='word_1_377' title='bbox 250 2866 476 2902; x_wconf 70' lang='lat' dir='ltr'>ausbezahlt.</span> 
     </span>
    </p>
   </div>
   <div class='ocr_carea' id='block_1_9' title="bbox 213 2929 430 2957">
    <p class='ocr_par' dir='ltr' id='par_1_10' title="bbox 213 2929 430 2957">
     <span class='ocr_line' id='line_1_54' title="bbox 213 2929 430 2957; baseline 0.018 -4"><span class='ocrx_word' id='word_1_378' title='bbox 213 2929 320 2956; x_wconf 77' lang='lat' dir='ltr'>Livius</span> <span class='ocrx_word' id='word_1_379' title='bbox 340 2931 373 2957; x_wconf 90' lang='lat' dir='ltr'>B.</span> <span class='ocrx_word' id='word_1_380' title='bbox 389 2932 430 2957; x_wconf 88' lang='grc'>22.</span> 
     </span>
    </p>
   </div>
   <div class='ocr_carea' id='block_1_10' title="bbox 957 1601 1708 1929">
    <p class='ocr_par' dir='ltr' id='par_1_11' title="bbox 957 1601 1708 1929">
     <span class='ocr_line' id='line_1_55' title="bbox 1006 1601 1708 1649; baseline 0.006 -14"><span class='ocrx_word' id='word_1_381' title='bbox 1006 1605 1110 1636; x_wconf 81' lang='grc'>4-6.</span> <span class='ocrx_word' id='word_1_382' title='bbox 1141 1601 1348 1644; x_wconf 70' lang='lat' dir='ltr'>multitudo,</span> <span class='ocrx_word' id='word_1_383' title='bbox 1374 1601 1432 1637; x_wconf 88' lang='lat' dir='ltr'>die</span> <span class='ocrx_word' id='word_1_384' title='bbox 1459 1613 1532 1637; x_wconf 89' lang='lat' dir='ltr'>von</span> <span class='ocrx_word' id='word_1_385' title='bbox 1558 1603 1638 1649; x_wconf 88' lang='lat' dir='ltr'>Tag</span> <span class='ocrx_word' id='word_1_386' title='bbox 1664 1616 1708 1639; x_wconf 88' lang='lat' dir='ltr'>zu</span> 
     </span>
     <span class='ocr_line' id='line_1_56' title="bbox 958 1647 1707 1693; baseline 0.005 -11"><span class='ocrx_word' id='word_1_387' title='bbox 958 1647 1039 1693; x_wconf 85' lang='lat' dir='ltr'>Tag</span> <span class='ocrx_word' id='word_1_388' title='bbox 1059 1648 1204 1693; x_wconf 77' lang='lat' dir='ltr'>grosser</span> <span class='ocrx_word' id='word_1_389' title='bbox 1222 1648 1439 1693; x_wconf 84' lang='lat' dir='ltr'>werdende,</span> <span class='ocrx_word' id='word_1_390' title='bbox 1466 1660 1607 1685; x_wconf 85' lang='lat' dir='ltr'>woraus</span> <span class='ocrx_word' id='word_1_391' title='bbox 1629 1650 1707 1686; x_wconf 89' lang='lat' dir='ltr'>sich</span> 
     </span>
     <span class='ocr_line' id='line_1_57' title="bbox 957 1695 1706 1742; baseline 0.005 -13"><span class='ocrx_word' id='word_1_392' title='bbox 957 1695 1109 1741; x_wconf 84' lang='lat' dir='ltr'>gravius</span> <span class='ocrx_word' id='word_1_393' title='bbox 1145 1695 1296 1730; x_wconf 76' lang='lat' dir='ltr'>erkl&#39;art.</span> <span class='ocrx_word' id='word_1_394' title='bbox 1324 1716 1368 1720; x_wconf 88' lang='lat'>—</span> <span class='ocrx_word' id='word_1_395' title='bbox 1394 1706 1488 1732; x_wconf 76' lang='lat' dir='ltr'>cons.</span> <span class='ocrx_word' id='word_1_396' title='bbox 1516 1699 1706 1742; x_wconf 75' lang='lat' dir='ltr'>exereitus,</span> 
     </span>
     <span class='ocr_line' id='line_1_58' title="bbox 958 1742 1708 1790; baseline 0.005 -14"><span class='ocrx_word' id='word_1_397' title='bbox 958 1755 1001 1777; x_wconf 92' lang='lat' dir='ltr'>zu</span> <span class='ocrx_word' id='word_1_398' title='bbox 1022 1746 1042 1777; x_wconf 92' lang='grc'><strong>2</strong></span> <span class='ocrx_word' id='word_1_399' title='bbox 1057 1742 1247 1787; x_wconf 84' lang='lat' dir='ltr'>Legionen</span> <span class='ocrx_word' id='word_1_400' title='bbox 1267 1743 1479 1787; x_wconf 85' lang='lat' dir='ltr'>gerechnet,</span> <span class='ocrx_word' id='word_1_401' title='bbox 1501 1744 1561 1779; x_wconf 88' lang='lat' dir='ltr'>die</span> <span class='ocrx_word' id='word_1_402' title='bbox 1583 1747 1708 1790; x_wconf 67' lang='lat' dir='ltr'>spater</span> 
     </span>
     <span class='ocr_line' id='line_1_59' title="bbox 958 1789 1707 1836; baseline 0.004 -12"><span class='ocrx_word' id='word_1_403' title='bbox 958 1790 1025 1824; x_wconf 85' lang='lat' dir='ltr'>auf</span> <span class='ocrx_word' id='word_1_404' title='bbox 1064 1790 1123 1824; x_wconf 91' lang='lat' dir='ltr'>die</span> <span class='ocrx_word' id='word_1_405' title='bbox 1168 1789 1291 1824; x_wconf 88' lang='lat' dir='ltr'>Dauer</span> <span class='ocrx_word' id='word_1_406' title='bbox 1334 1790 1399 1824; x_wconf 89' lang='lat' dir='ltr'>des</span> <span class='ocrx_word' id='word_1_407' title='bbox 1443 1790 1597 1836; x_wconf 87' lang='lat' dir='ltr'>Krieges</span> <span class='ocrx_word' id='word_1_408' title='bbox 1644 1805 1707 1827; x_wconf 89' lang='lat' dir='ltr'>zur</span> 
     </span>
     <span class='ocr_line' id='line_1_60' title="bbox 959 1835 1707 1874; baseline 0.004 -4"><span class='ocrx_word' id='word_1_409' title='bbox 959 1836 1080 1871; x_wconf 85' lang='lat' dir='ltr'>Strafe</span> <span class='ocrx_word' id='word_1_410' title='bbox 1117 1837 1214 1871; x_wconf 88' lang='lat' dir='ltr'>nach</span> <span class='ocrx_word' id='word_1_411' title='bbox 1257 1835 1408 1871; x_wconf 88' lang='lat' dir='ltr'>Sicilien</span> <span class='ocrx_word' id='word_1_412' title='bbox 1454 1838 1707 1874; x_wconf 87' lang='lat' dir='ltr'>verwiesenen</span> 
     </span>
     <span class='ocr_line' id='line_1_61' title="bbox 959 1883 1707 1929; baseline 0.004 -12"><span class='ocrx_word' id='word_1_413' title='bbox 959 1883 1125 1927; x_wconf 87' lang='lat' dir='ltr'>legiones</span> <span class='ocrx_word' id='word_1_414' title='bbox 1151 1883 1376 1926; x_wconf 85' lang='lat' dir='ltr'>Cannenses,</span> <span class='ocrx_word' id='word_1_415' title='bbox 1403 1887 1467 1926; x_wconf 90' lang='lat'>23,</span> <span class='ocrx_word' id='word_1_416' title='bbox 1495 1888 1557 1927; x_wconf 88' lang='lat'>25,</span> <span class='ocrx_word' id='word_1_417' title='bbox 1586 1889 1616 1920; x_wconf 91' lang='lat'>7.</span> <span class='ocrx_word' id='word_1_418' title='bbox 1650 1889 1707 1929; x_wconf 87' lang='lat'>24,</span> 
     </span>
    </p>
   </div>
   <div class='ocr_carea' id='block_1_11' title="bbox 959 1931 1707 2070">
    <p class='ocr_par' dir='ltr' id='par_1_12' title="bbox 959 1931 1707 2070">
     <span class='ocr_line' id='line_1_62' title="bbox 961 1931 1707 1975; baseline 0.004 -11"><span class='ocrx_word' id='word_1_419' title='bbox 961 1934 1016 1973; x_wconf 86' lang='lat'>18,</span> <span class='ocrx_word' id='word_1_420' title='bbox 1037 1934 1068 1965; x_wconf 93' lang='lat'>9.</span> <span class='ocrx_word' id='word_1_421' title='bbox 1096 1950 1140 1955; x_wconf 87' lang='lat'><em>-</em></span> <span class='ocrx_word' id='word_1_422' title='bbox 1166 1931 1363 1972; x_wconf 74' lang='lat' dir='ltr'>moenibus,</span> <span class='ocrx_word' id='word_1_423' title='bbox 1391 1931 1514 1966; x_wconf 85' lang='lat' dir='ltr'>hinter</span> <span class='ocrx_word' id='word_1_424' title='bbox 1536 1931 1707 1975; x_wconf 80' lang='lat' dir='ltr'>Mauern3</span> 
     </span>
     <span class='ocr_line' id='line_1_63' title="bbox 960 1976 1707 2023; baseline 0.005 -12"><span class='ocrx_word' id='word_1_425' title='bbox 960 1978 1089 2019; x_wconf 78' lang='lat' dir='ltr'>armis,</span> <span class='ocrx_word' id='word_1_426' title='bbox 1129 1977 1181 2011; x_wconf 90' lang='lat' dir='ltr'>im</span> <span class='ocrx_word' id='word_1_427' title='bbox 1212 1976 1330 2011; x_wconf 88' lang='lat' dir='ltr'>freien</span> <span class='ocrx_word' id='word_1_428' title='bbox 1361 1977 1486 2012; x_wconf 87' lang='lat' dir='ltr'>Felde.</span> <span class='ocrx_word' id='word_1_429' title='bbox 1524 1999 1567 2003; x_wconf 97' lang='lat'><strong>—</strong></span> <span class='ocrx_word' id='word_1_430' title='bbox 1606 1984 1707 2023; x_wconf 79' lang='lat' dir='ltr'>certe,</span> 
     </span>
     <span class='ocr_line' id='line_1_64' title="bbox 959 2024 1707 2070; baseline 0.004 -11"><span class='ocrx_word' id='word_1_431' title='bbox 959 2025 1024 2059; x_wconf 76' lang='lat' dir='ltr'>etsi</span> <span class='ocrx_word' id='word_1_432' title='bbox 1055 2024 1151 2059; x_wconf 87' lang='lat' dir='ltr'>nach</span> <span class='ocrx_word' id='word_1_433' title='bbox 1186 2024 1368 2069; x_wconf 87' lang='lat' dir='ltr'>Analogie</span> <span class='ocrx_word' id='word_1_434' title='bbox 1400 2035 1473 2059; x_wconf 85' lang='lat' dir='ltr'>von</span> <span class='ocrx_word' id='word_1_435' title='bbox 1510 2029 1548 2068; x_wconf 90' lang='lat'>2,</span> <span class='ocrx_word' id='word_1_436' title='bbox 1584 2030 1648 2070; x_wconf 92' lang='lat'>43,</span> <span class='ocrx_word' id='word_1_437' title='bbox 1687 2030 1707 2062; x_wconf 93' lang='lat'>8</span> 
     </span>
    </p>
   </div>
   <div class='ocr_carea' id='block_1_12' title="bbox 956 2071 1710 2530">
    <p class='ocr_par' dir='ltr' id='par_1_13' title="bbox 956 2071 1710 2530">
     <span class='ocr_line' id='line_1_65' title="bbox 960 2071 1710 2112; baseline 0.003 -6"><span class='ocrx_word' id='word_1_438' title='bbox 960 2071 1030 2106; x_wconf 88' lang='lat' dir='ltr'>etsi</span> <span class='ocrx_word' id='word_1_439' title='bbox 1066 2082 1141 2106; x_wconf 89' lang='lat' dir='ltr'>non</span> <span class='ocrx_word' id='word_1_440' title='bbox 1180 2092 1241 2112; x_wconf 91' lang='lat'>—,</span> <span class='ocrx_word' id='word_1_441' title='bbox 1287 2071 1436 2106; x_wconf 88' lang='lat' dir='ltr'>saltem:</span> <span class='ocrx_word' id='word_1_442' title='bbox 1481 2072 1577 2108; x_wconf 88' lang='lat' dir='ltr'>doch</span> <span class='ocrx_word' id='word_1_443' title='bbox 1615 2075 1710 2108; x_wconf 87' lang='lat' dir='ltr'>setzt</span> 
     </span>
     <span class='ocr_line' id='line_1_66' title="bbox 960 2117 1707 2166; baseline 0.005 -14"><span class='ocrx_word' id='word_1_444' title='bbox 960 2120 1063 2153; x_wconf 85' lang='lat' dir='ltr'>sonst</span> <span class='ocrx_word' id='word_1_445' title='bbox 1094 2119 1134 2153; x_wconf 88' lang='lat' dir='ltr'>L.</span> <span class='ocrx_word' id='word_1_446' title='bbox 1170 2117 1241 2153; x_wconf 90' lang='lat' dir='ltr'>etsi</span> <span class='ocrx_word' id='word_1_447' title='bbox 1280 2130 1349 2152; x_wconf 89' lang='lat' dir='ltr'>nur</span> <span class='ocrx_word' id='word_1_448' title='bbox 1386 2118 1437 2152; x_wconf 87' lang='lat' dir='ltr'>im</span> <span class='ocrx_word' id='word_1_449' title='bbox 1475 2119 1707 2166; x_wconf 80' lang='lat' dir='ltr'>verkfirzten,</span> 
     </span>
     <span class='ocr_line' id='line_1_67' title="bbox 956 2165 1708 2210; baseline 0.005 -11"><span class='ocrx_word' id='word_1_450' title='bbox 956 2165 1157 2210; x_wconf 86' lang='lat' dir='ltr'>negativen</span> <span class='ocrx_word' id='word_1_451' title='bbox 1172 2165 1477 2201; x_wconf 81' lang='lat' dir='ltr'>Konzessivsatze</span> <span class='ocrx_word' id='word_1_452' title='bbox 1497 2167 1536 2201; x_wconf 87' lang='lat' dir='ltr'>in</span> <span class='ocrx_word' id='word_1_453' title='bbox 1551 2167 1708 2203; x_wconf 87' lang='lat' dir='ltr'>Verbin-</span> 
     </span>
     <span class='ocr_line' id='line_1_68' title="bbox 958 2212 1708 2258; baseline 0.005 -12"><span class='ocrx_word' id='word_1_454' title='bbox 958 2213 1059 2258; x_wconf 88' lang='lat' dir='ltr'>dung</span> <span class='ocrx_word' id='word_1_455' title='bbox 1085 2212 1155 2247; x_wconf 90' lang='lat' dir='ltr'>mit</span> <span class='ocrx_word' id='word_1_456' title='bbox 1180 2212 1406 2257; x_wconf 84' lang='lat' dir='ltr'>Adjektiven</span> <span class='ocrx_word' id='word_1_457' title='bbox 1438 2213 1526 2248; x_wconf 84' lang='lat' dir='ltr'>oder</span> <span class='ocrx_word' id='word_1_458' title='bbox 1553 2215 1708 2250; x_wconf 85' lang='lat' dir='ltr'>Partici-</span> 
     </span>
     <span class='ocr_line' id='line_1_69' title="bbox 956 2259 1708 2304; baseline 0.004 -10"><span class='ocrx_word' id='word_1_459' title='bbox 956 2259 1059 2304; x_wconf 89' lang='lat' dir='ltr'>pien,</span> <span class='ocrx_word' id='word_1_460' title='bbox 1089 2263 1150 2303; x_wconf 91' lang='lat'>27,</span> <span class='ocrx_word' id='word_1_461' title='bbox 1177 2263 1239 2303; x_wconf 88' lang='lat'>40,</span> <span class='ocrx_word' id='word_1_462' title='bbox 1273 2263 1293 2294; x_wconf 89' lang='lat'>9</span> <span class='ocrx_word' id='word_1_463' title='bbox 1327 2259 1504 2304; x_wconf 88' lang='lat' dir='ltr'>gaudium</span> <span class='ocrx_word' id='word_1_464' title='bbox 1530 2262 1708 2296; x_wconf 84' lang='lat' dir='ltr'>meritum</span> 
     </span>
     <span class='ocr_line' id='line_1_70' title="bbox 958 2306 1706 2352; baseline 0.005 -12"><span class='ocrx_word' id='word_1_465' title='bbox 958 2309 1068 2350; x_wconf 84' lang='lat' dir='ltr'>certe,</span> <span class='ocrx_word' id='word_1_466' title='bbox 1096 2307 1166 2342; x_wconf 86' lang='lat' dir='ltr'>etsi</span> <span class='ocrx_word' id='word_1_467' title='bbox 1193 2318 1267 2342; x_wconf 89' lang='lat' dir='ltr'>non</span> <span class='ocrx_word' id='word_1_468' title='bbox 1295 2306 1504 2351; x_wconf 89' lang='lat' dir='ltr'>honestum,</span> <span class='ocrx_word' id='word_1_469' title='bbox 1533 2312 1589 2351; x_wconf 88' lang='lat'>25,</span> <span class='ocrx_word' id='word_1_470' title='bbox 1611 2313 1642 2351; x_wconf 89' lang='grc'><strong>6,</strong></span> <span class='ocrx_word' id='word_1_471' title='bbox 1667 2313 1706 2352; x_wconf 71' lang='grc'>2,</span> 
     </span>
     <span class='ocr_line' id='line_1_71' title="bbox 957 2353 1708 2390; baseline 0.003 -2"><span class='ocrx_word' id='word_1_472' title='bbox 957 2353 1017 2388; x_wconf 86' lang='lat' dir='ltr'>bei</span> <span class='ocrx_word' id='word_1_473' title='bbox 1057 2354 1275 2389; x_wconf 85' lang='lat' dir='ltr'>Ausschluss</span> <span class='ocrx_word' id='word_1_474' title='bbox 1317 2364 1391 2388; x_wconf 85' lang='lat' dir='ltr'>von</span> <span class='ocrx_word' id='word_1_475' title='bbox 1424 2353 1708 2390; x_wconf 80' lang='lat' dir='ltr'>Substantivbe-</span> 
     </span>
     <span class='ocr_line' id='line_1_72' title="bbox 958 2400 1707 2445; baseline 0.004 -11"><span class='ocrx_word' id='word_1_476' title='bbox 958 2400 1090 2445; x_wconf 85' lang='lat' dir='ltr'>griffen</span> <span class='ocrx_word' id='word_1_477' title='bbox 1117 2401 1212 2436; x_wconf 83' lang='lat' dir='ltr'>bloss</span> <span class='ocrx_word' id='word_1_478' title='bbox 1238 2402 1278 2444; x_wconf 86' lang='lat' dir='ltr'>si,</span> <span class='ocrx_word' id='word_1_479' title='bbox 1307 2412 1336 2435; x_wconf 87' lang='lat' dir='ltr'>c.</span> <span class='ocrx_word' id='word_1_480' title='bbox 1364 2404 1419 2444; x_wconf 86' lang='lat'>29,</span> <span class='ocrx_word' id='word_1_481' title='bbox 1449 2405 1501 2435; x_wconf 92' lang='lat'>11.</span> <span class='ocrx_word' id='word_1_482' title='bbox 1532 2406 1587 2444; x_wconf 91' lang='grc'>21,</span> <span class='ocrx_word' id='word_1_483' title='bbox 1609 2406 1665 2445; x_wconf 89' lang='grc'>41,</span> <span class='ocrx_word' id='word_1_484' title='bbox 1686 2406 1707 2437; x_wconf 89' lang='grc'>8</span> 
     </span>
     <span class='ocr_line' id='line_1_73' title="bbox 959 2447 1705 2492; baseline 0.003 -11"><span class='ocrx_word' id='word_1_485' title='bbox 959 2448 1162 2492; x_wconf 88' lang='lat' dir='ltr'>respiceret</span> <span class='ocrx_word' id='word_1_486' title='bbox 1194 2449 1225 2483; x_wconf 88' lang='lat' dir='ltr'>si</span> <span class='ocrx_word' id='word_1_487' title='bbox 1255 2459 1330 2482; x_wconf 92' lang='lat' dir='ltr'>non</span> <span class='ocrx_word' id='word_1_488' title='bbox 1361 2447 1521 2491; x_wconf 86' lang='lat' dir='ltr'>patriam</span> <span class='ocrx_word' id='word_1_489' title='bbox 1554 2449 1705 2492; x_wconf 78' lang='lat' dir='ltr'>victam,</span> 
     </span>
     <span class='ocr_line' id='line_1_74' title="bbox 961 2494 1248 2530; baseline 0.007 -2"><span class='ocrx_word' id='word_1_490' title='bbox 961 2494 1111 2529; x_wconf 88' lang='lat' dir='ltr'>domum</span> <span class='ocrx_word' id='word_1_491' title='bbox 1139 2497 1248 2530; x_wconf 87' lang='lat' dir='ltr'>certe.</span> 
     </span>
    </p>
   </div>
   <div class='ocr_carea' id='block_1_13' title="bbox 959 2587 1709 2913">
    <p class='ocr_par' dir='ltr' id='par_1_14' title="bbox 959 2587 1704 2676">
     <span class='ocr_line' id='line_1_75' title="bbox 1007 2587 1704 2633; baseline 0.003 -11"><span class='ocrx_word' id='word_1_492' title='bbox 1007 2587 1068 2630; x_wconf 85' lang='lat'>54,</span> <span class='ocrx_word' id='word_1_493' title='bbox 1084 2589 1212 2623; x_wconf 79' lang='lat'>7-57.</span> <span class='ocrx_word' id='word_1_494' title='bbox 1241 2588 1505 2633; x_wconf 87' lang='lat' dir='ltr'>Ereignisse</span> <span class='ocrx_word' id='word_1_495' title='bbox 1526 2589 1569 2623; x_wconf 93' lang='lat' dir='ltr'>in</span> <span class='ocrx_word' id='word_1_496' title='bbox 1588 2589 1704 2633; x_wconf 86' lang='lat' dir='ltr'>Rom,</span> 
     </span>
     <span class='ocr_line' id='line_1_76' title="bbox 959 2635 1450 2676; baseline 0.002 -7"><span class='ocrx_word' id='word_1_497' title='bbox 959 2635 1055 2669; x_wconf 85' lang='lat' dir='ltr'>nach</span> <span class='ocrx_word' id='word_1_498' title='bbox 1081 2635 1286 2669; x_wconf 75' lang='lat' dir='ltr'>romischer</span> <span class='ocrx_word' id='word_1_499' title='bbox 1311 2636 1450 2676; x_wconf 83' lang='lat' dir='ltr'>Quelle.</span> 
     </span>
    </p>

    <p class='ocr_par' dir='ltr' id='par_1_15' title="bbox 961 2683 1709 2913">
     <span class='ocr_line' id='line_1_77' title="bbox 1012 2683 1708 2724; baseline 0.003 -9"><span class='ocrx_word' id='word_1_500' title='bbox 1012 2685 1041 2716; x_wconf 88' lang='lat'>7.</span> <span class='ocrx_word' id='word_1_501' title='bbox 1063 2684 1094 2715; x_wconf 92' lang='grc'>8.</span> <span class='ocrx_word' id='word_1_502' title='bbox 1122 2692 1190 2716; x_wconf 83' lang='lat' dir='ltr'>occ.</span> <span class='ocrx_word' id='word_1_503' title='bbox 1217 2683 1385 2724; x_wconf 76' lang='lat' dir='ltr'>occisum,</span> <span class='ocrx_word' id='word_1_504' title='bbox 1404 2694 1476 2717; x_wconf 83' lang='lat' dir='ltr'>von</span> <span class='ocrx_word' id='word_1_505' title='bbox 1497 2683 1598 2717; x_wconf 85' lang='lat' dir='ltr'>einer</span> <span class='ocrx_word' id='word_1_506' title='bbox 1616 2683 1708 2717; x_wconf 84' lang='lat' dir='ltr'>voll-</span> 
     </span>
     <span class='ocr_line' id='line_1_78' title="bbox 963 2729 1707 2773; baseline 0.003 -11"><span class='ocrx_word' id='word_1_507' title='bbox 963 2729 1159 2772; x_wconf 64' lang='lat' dir='ltr'>standigen</span> <span class='ocrx_word' id='word_1_508' title='bbox 1187 2729 1426 2773; x_wconf 80' lang='lat' dir='ltr'>Niederlage,</span> <span class='ocrx_word' id='word_1_509' title='bbox 1461 2732 1522 2772; x_wconf 85' lang='lat'>28,</span> <span class='ocrx_word' id='word_1_510' title='bbox 1555 2733 1616 2772; x_wconf 89' lang='grc'>43,</span> <span class='ocrx_word' id='word_1_511' title='bbox 1648 2733 1707 2773; x_wconf 78' lang='lat'>103</span> 
     </span>
     <span class='ocr_line' id='line_1_79' title="bbox 962 2775 1707 2820; baseline 0.004 -12"><span class='ocrx_word' id='word_1_512' title='bbox 962 2775 1035 2819; x_wconf 86' lang='lat' dir='ltr'>vgl.</span> <span class='ocrx_word' id='word_1_513' title='bbox 1064 2775 1234 2810; x_wconf 82' lang='lat' dir='ltr'>auctibus</span> <span class='ocrx_word' id='word_1_514' title='bbox 1262 2785 1397 2820; x_wconf 86' lang='lat' dir='ltr'>augere</span> <span class='ocrx_word' id='word_1_515' title='bbox 1423 2780 1485 2820; x_wconf 87' lang='lat'>29,</span> <span class='ocrx_word' id='word_1_516' title='bbox 1513 2779 1574 2820; x_wconf 90' lang='lat'>27,</span> <span class='ocrx_word' id='word_1_517' title='bbox 1603 2782 1634 2811; x_wconf 90' lang='grc'>3.</span> <span class='ocrx_word' id='word_1_518' title='bbox 1664 2797 1707 2802; x_wconf 94' lang='lat'>——</span> 
     </span>
     <span class='ocr_line' id='line_1_80' title="bbox 961 2822 1709 2859; baseline 0.004 -4"><span class='ocrx_word' id='word_1_519' title='bbox 961 2822 1063 2856; x_wconf 56' lang='lat' dir='ltr'>salva</span> <span class='ocrx_word' id='word_1_520' title='bbox 1095 2833 1129 2856; x_wconf 85' lang='lat' dir='ltr'>u.</span> <span class='ocrx_word' id='word_1_521' title='bbox 1166 2822 1244 2857; x_wconf 86' lang='lat' dir='ltr'>also</span> <span class='ocrx_word' id='word_1_522' title='bbox 1285 2822 1353 2857; x_wconf 87' lang='lat' dir='ltr'>mit</span> <span class='ocrx_word' id='word_1_523' title='bbox 1392 2823 1604 2858; x_wconf 87' lang='lat' dir='ltr'>Ausnahme</span> <span class='ocrx_word' id='word_1_524' title='bbox 1644 2823 1709 2859; x_wconf 89' lang='lat' dir='ltr'>der</span> 
     </span>
     <span class='ocr_line' id='line_1_81' title="bbox 964 2868 1709 2913; baseline 0.004 -11"><span class='ocrx_word' id='word_1_525' title='bbox 964 2868 1283 2913; x_wconf 81' lang='lat' dir='ltr'>Schreckenstage</span> <span class='ocrx_word' id='word_1_526' title='bbox 1320 2869 1412 2904; x_wconf 90' lang='lat' dir='ltr'>nach</span> <span class='ocrx_word' id='word_1_527' title='bbox 1439 2870 1504 2905; x_wconf 88' lang='lat' dir='ltr'>der</span> <span class='ocrx_word' id='word_1_528' title='bbox 1531 2870 1709 2906; x_wconf 85' lang='lat' dir='ltr'>Schlacht</span> 
     </span>
    </p>
   </div>
   <div class='ocr_carea' id='block_1_14' title="bbox 1403 2932 1422 2962">
    <p class='ocr_par' dir='ltr' id='par_1_16' title="bbox 1403 2932 1422 2962">
     <span class='ocr_line' id='line_1_82' title="bbox 1403 2932 1422 2962; baseline 0 0"><span class='ocrx_word' id='word_1_529' title='bbox 1403 2932 1422 2962; x_wconf 84' lang='lat'>6</span> 
     </span>
    </p>
   </div>
  </div>
 </body>
</html>
