1882 3163
195 113 252 155 54
727 112 871 148 LIBER
895 113 1007 147 XXV.
1047 112 1148 150 CAP.
1175 117 1230 149 25.

1547 130 1573 149 a.
1594 132 1622 149 u.
1642 131 1665 149 c,
1687 123 1747 150 542.

192 209 395 252 Marcello
435 208 571 263 Sosis,
615 223 724 250 unus
767 224 817 251 ex
860 209 1205 252 interfectoribus
1246 210 1442 264 tyranni,
1484 225 1579 252 cum
1619 211 1749 266 longo

195 283 388 311 sermone
419 268 568 310 habito
603 267 760 309 dilatus
800 283 876 323 per
912 269 1237 311 frustrationem
1275 271 1406 324 esset,
1443 270 1610 311 rettulit
1639 269 1750 311 Mar-

196 329 301 370 cello
333 330 501 382 tempus
540 341 636 368 eum
674 327 727 368 ad
766 328 1081 370 deliberandum
1121 328 1364 383 sumpsisse.
1426 342 1521 370 cum
1561 329 1597 370 is
1639 328 1750 370 diem

195 388 244 428 de
277 387 343 428 die
376 387 582 441 differret,
621 386 722 427 dum
752 386 1038 443 Hippocrates
1081 390 1206 442 atque
1244 387 1431 429 Himilco
1475 387 1751 430 admoverent

195 448 335 487 castra
365 446 659 501 legionesque,
691 445 805 487 haud
838 446 1009 501 dubius,
1052 447 1087 488 si
1127 448 1173 488 in
1215 461 1354 488 arcem
1394 447 1627 501 accepisset
1667 461 1751 501 eos,

196 505 325 546 deleri
362 505 607 547 Romanum
649 505 879 547 exercitum
910 506 1121 548 inclusum
1165 506 1298 547 muris
1340 520 1485 560 posse,
1522 505 1750 548 Marcellus

194 567 242 605 ut
266 564 504 619 Euryalum
534 578 671 619 neque
703 565 816 606 tradi
846 579 982 620 neque
1015 567 1110 620 capi
1142 565 1249 606 vidit
1272 579 1413 620 posse,
1445 565 1556 606 inter
1579 563 1752 619 Neapo-

195 624 270 665 lim
304 626 346 665 et
373 624 564 678 Tycham
596 648 653 653 —
685 624 860 666 nomina
888 639 938 666 ea
969 625 1158 679 partium
1189 624 1306 665 urbis
1340 626 1383 665 et
1413 624 1550 666 instar
1580 624 1752 665 urbium

196 685 295 724 sunt
329 708 379 712 —
413 683 558 738 posuit
590 684 730 724 castra
761 683 936 738 timens,
967 697 1021 725 ne
1060 684 1096 725 si
1127 683 1375 739 {frequentia
1411 683 1616 725 intrasset
1646 683 1752 737 loca,

196 742 405 784 contineri
438 742 491 784 ab
525 742 717 784 discursu
750 743 872 784 miles
905 741 1053 784 avidus
1085 743 1268 796 praedae
1298 757 1385 784 non
1410 745 1568 797 posset.
1618 742 1752 798 legati

195 815 244 843 eo
278 801 330 842 ab
370 801 521 856 Tycha
559 804 602 843 et
638 801 823 855 Neapoli
862 816 957 843 cum
994 801 1139 843 infulis
1184 805 1226 843 et
1256 802 1508 843 velamentis
1546 803 1753 843 venerunt

193 862 438 915 precantes,
470 863 518 902 ut
550 876 574 902 a
606 860 806 901 caedibus
840 862 882 901 et
921 860 973 902 ab
1012 860 1219 902 incendiis
1251 863 1504 914 parceretur.
1568 860 1618 902 de
1650 874 1752 915 quo-

194 934 289 961 rum
320 921 516 975 precibus
550 934 678 974 quam
708 920 937 973 postulatis
970 920 1108 975 magis
1142 920 1319 961 consilio
1349 920 1499 961 habito
1526 919 1751 961 Marcellus

195 993 245 1020 ex
278 980 469 1020 omnium
502 979 715 1020 sententia
748 978 880 1019 edixit
911 978 1137 1033 militibus,
1169 993 1221 1020 ne
1254 979 1346 1033 quis
1385 979 1568 1020 liberum
1600 993 1752 1033 corpus

194 1038 394 1080 violaret:
429 1041 570 1079 cetera
601 1037 784 1092 praedae
816 1037 971 1079 futura.
1026 1040 1252 1092 castraque
1276 1037 1398 1079 testis
1431 1038 1643 1092 parietum
1674 1051 1752 1091 pro

193 1111 315 1138 muro
367 1100 532 1152 saepta,
579 1097 712 1151 portis
757 1097 932 1153 regione
972 1097 1216 1151 platearum
1258 1096 1504 1151 patentibus
1544 1096 1752 1138 stationes

194 1156 493 1211 praesidiaque
526 1156 747 1210 disposuit,
779 1170 832 1198 ne
865 1156 958 1211 quis
990 1156 1037 1197 in
1067 1156 1261 1198 discursu
1288 1156 1474 1197 militum
1499 1156 1681 1210 impetus
1708 1154 1753 1195 in

195 1217 335 1256 castra
365 1216 457 1257 fieri
497 1217 653 1269 posset.
716 1215 814 1256 inde
854 1216 975 1270 signo
1014 1215 1113 1257 dato
1152 1215 1309 1256 milites
1348 1215 1654 1268 discurrerunt-‚3
1692 1228 1754 1255 re-

194 1273 426 1330 fractisque
458 1274 622 1316 foribus
655 1289 751 1316 cum
784 1275 928 1316 omnia
958 1277 1120 1316 terrore
1153 1289 1201 1316 ac
1232 1274 1418 1315 tumultu
1450 1274 1697 1328 streperent,
1729 1287 1754 1314 a

195 1333 396 1376 caedibus
435 1336 581 1376 tamen
623 1336 907 1388 temperatum
950 1336 1030 1387 est,
1071 1333 1235 1388 rapinis
1277 1333 1419 1374 nullus
1462 1335 1561 1374 ante
1602 1332 1753 1374 modus

193 1392 289 1447 fuit,
322 1408 449 1448 quam
477 1393 621 1436 omnia
649 1393 853 1434 diuturna
879 1392 1084 1434 felicitate
1111 1392 1327 1434 cumulata
1352 1393 1467 1434 bona
1493 1393 1753 1447 egesserunt.

240 1561 271 1591 3.
299 1556 449 1602 dilatus]
472 1556 727 1601 hingebalten,
755 1557 843 1591 aber
868 1555 937 1590 mit

194 1603 279 1638 dem
304 1603 571 1647 Nebenbegriff
595 1603 677 1638 ‘auf
700 1603 780 1637 eine
802 1603 936 1637 andere

194 1650 276 1685 Zeit
300 1650 620 1693 wiederbestellt',
657 1650 726 1684 wie
761 1650 840 1684 sich
873 1661 936 1684 aus

194 1698 277 1732 dem
292 1697 506 1742 Folgenden
521 1698 681 1743 ergiebt;
703 1699 778 1743 vgl.
794 1698 854 1740 41,
870 1701 901 1740 8,
917 1701 936 1731 5

193 1746 303 1791 Ieyati
328 1745 526 1780 Sardorum
552 1747 600 1780 ad
619 1757 727 1781 novos
746 1746 937 1791 mayistra-

193 1797 251 1827 tus
266 1794 374 1827 dilati
388 1797 491 1827 eraut
506 1810 549 1822 =
564 1804 688 1827 waren
704 1792 934 1827 ‘vertrostet’

193 1840 354 1874 worden.

240 1892 272 1922 4.
299 1889 393 1922 diem
419 1889 461 1922 de
487 1888 559 1933 die]
592 1900 617 1922 s.
646 1900 689 1921 zu
716 1892 771 1930 23,
801 1891 854 1922 16.

240 1935 415 1980 differret]
445 1936 538 1977 abs,
572 1947 615 1969 zu
643 1938 824 1979 erganzen
855 1945 937 1969 rem.

241 1982 410 2027 legiones]
440 1994 465 2015 s.
493 1994 536 2015 zu
562 1987 617 2025 22,
648 1987 701 2018 14.

241 2030 340 2063 haud
366 2030 515 2075 dubius]
545 2042 570 2063 s.
599 2041 641 2063 zu
670 2033 723 2072 15,
751 2033 806 2064 20.

243 2080 274 2110 5.
295 2080 327 2110 et
346 2077 464 2111 instar
483 2077 627 2111 urbium
653 2077 753 2122 sui-rt]
776 2075 940 2109 namlich

195 2123 322 2167 Tycha
353 2123 429 2156 und
459 2123 657 2168 Neapolis,
698 2128 730 2158 et
763 2140 807 2152 =
842 2123 940 2157 ‘und

197 2170 308 2205 doch’
337 2169 426 2203 oder
454 2170 543 2204 ‘und
570 2170 707 2205 dabei’.

245 2222 275 2252 6.
308 2217 454 2262 infulis]
487 2217 645 2251 wollene
680 2217 839 2259 Binden,
871 2216 941 2250 mit

198 2264 317 2299 denen
359 2263 643 2298 Hfflfeflehende
689 2264 768 2297 ihre
809 2264 939 2298 Hande

197 2311 434 2353 umwanden3
480 2311 535 2345 oft
572 2312 706 2355 trugen
751 2310 802 2344 sie
846 2311 941 2344 nach

196 2358 450 2403 griechischer
502 2358 597 2392 Sitte
649 2357 939 2402 Olivenzweige3

198 2407 273 2451 vgl.
300 2406 365 2449 24,
393 2410 454 2449 30,
483 2410 527 2440 14
555 2417 674 2441 ranzos
700 2406 794 2440 oleae
819 2416 862 2439 ac
886 2416 939 2440 re-

197 2454 355 2488 tamenta
380 2454 456 2487 alia
480 2454 687 2498 supplicum«
703 2453 941 2498 porrigyeutes.

244 2513 267 2535 a
287 2502 455 2535 caedibus
476 2528 482 2534 .
507 2529 512 2534 .
537 2500 762 2545 parceretur]
786 2500 860 2544 vgl.
881 2503 899 2541 g
920 2503 940 2533 9

198 2560 220 2582 a
242 2549 410 2582 caedibus
430 2552 659 2592 temperatum
680 2552 745 2582 cst:
773 2546 851 2581 dies
877 2547 943 2580 der

199 2594 457 2638 gewolmliche
494 2594 706 2636 Ausdruck;
741 2593 848 2638 jener
887 2604 941 2627 er-

199 2641 298 2675 klart
336 2641 415 2675 sich
448 2652 511 2676 aus
545 2642 609 2675 der
654 2640 817 2675 vielfach
851 2640 942 2685 glei-

202 2688 295 2722 chen
337 2689 597 2733 Verwendung
640 2687 768 2723 beider
809 2687 942 2730 Verba,

201 2747 228 2768 z.
257 2736 294 2770 B.
327 2735 365 2769 in
398 2735 462 2769 der
494 2736 712 2780 Bedeutung
747 2735 939 2769 ‘schonen‘

200 2782 368 2825 regieren
380 2782 489 2816 beide
505 2783 576 2817 den
591 2782 714 2817 Dativ.
748 2781 832 2826 Vgl.
848 2781 943 2815 auch

202 2827 262 2870 10,
285 2833 338 2871 12,
360 2834 380 2864 8
405 2831 556 2864 urbibus
583 2830 841 2874 oppuy'ncmdis
860 2833 942 2863 tem-

199 2879 361 2918 peratum
389 2876 463 2909 und
492 2877 555 2919 26,
583 2881 638 2918 31,
666 2881 685 2910 5
712 2887 756 2910 ue
781 2876 838 2910 hic
865 2877 942 2920 qui-

1010 1557 1084 1591 dem
1108 1557 1331 1592 coutumeliis
1350 1556 1391 1590 iu
1410 1566 1467 1591 eos
1486 1555 1648 1590 dicendis
1662 1564 1751 1598 par-

1010 1605 1102 1639 citis.

1060 1667 1089 1697 7.
1130 1662 1260 1708 mayis]
1301 1661 1401 1695 diese
1436 1658 1752 1705 eigenthiimliche

1013 1709 1184 1754 Stellung
1204 1709 1319 1743 findet
1340 1708 1419 1742 sich
1438 1708 1499 1742 bei
1513 1707 1591 1741 Liv.
1610 1706 1752 1751 haufig;

1012 1769 1038 1790 z.
1066 1757 1104 1791 B.
1133 1761 1189 1799 40,
1217 1760 1236 1790 8
1263 1755 1338 1789 und
1365 1755 1425 1798 26,
1452 1759 1508 1797 41,
1535 1758 1555 1789 8
1584 1755 1754 1790 adversae

1005 1815 1154 1850 puynae
1167 1805 1208 1838 iu
1217 1804 1408 1847 Hispania
1423 1803 1563 1837 nullius
1578 1803 1620 1836 irc
1633 1803 1755 1836 auimo

1011 1863 1118 1895 quam
1144 1863 1218 1886 meo
1236 1852 1356 1886 miuus
1376 1850 1576 1885 oblitterari
1588 1852 1753 1894 possunt.

1012 1898 1096 1943 Vgl.
1124 1910 1165 1932 zu
1193 1902 1249 1942 21,
1278 1903 1308 1934 1.

1060 1962 1092 1992 8.
1130 1958 1229 1992 testis
1255 1957 1453 2002 parietum]
1487 1959 1577 1991 testa
1607 1955 1658 1989 ist
1689 1954 1756 1988 der

1015 2004 1266 2046 ‘Backstein’;
1306 2004 1370 2038 der
1408 2003 1539 2037 Zusatz
1569 2003 1756 2047 parietum

1012 2051 1229 2086 bezeichnet
1260 2051 1326 2084 ihn
1363 2051 1479 2085 naher
1509 2049 1564 2084 als
1598 2048 1755 2083 ‘Mauer-

1013 2098 1123 2133 stein’
1147 2101 1227 2142 (aus
1241 2098 1422 2132 welchem
1437 2097 1496 2131 die
1511 2098 1670 2142 parietes
1689 2096 1754 2129 des

1012 2146 1154 2180 Hauses
1182 2145 1356 2190 gemacht
1375 2144 1554 2188 werden);
1582 2144 1657 2188 vgl.
1680 2142 1753 2177 Cic.

1013 2193 1058 2227 de
1086 2193 1195 2227 domo
1222 2197 1265 2227 61
1291 2203 1402 2236 ueque
1428 2192 1551 2235 copiae
1575 2190 1756 2225 Catilinae

1013 2240 1202 2274 caementis
1228 2250 1271 2274 ac
1293 2240 1392 2273 testis
1410 2243 1581 2272 tectorum
1598 2247 1755 2271 meorum

1012 2298 1047 2321 se
1077 2287 1207 2329 famem
1238 2297 1341 2320 suam
1375 2286 1578 2329 eoepleturas
1603 2288 1754 2329 putave-

1011 2338 1109 2368 runt.
1160 2333 1231 2367 Um
1257 2332 1357 2367 diese
1386 2331 1510 2367 Steine
1541 2343 1584 2365 zu
1616 2330 1753 2375 gewin-

1013 2392 1101 2423 nen,
1134 2380 1227 2414 wird
1252 2379 1448 2414 Marcellus
1476 2378 1598 2423 einige
1624 2377 1753 2412 umlie-

1014 2428 1132 2472 gende
1178 2427 1353 2462 Gebaude
1403 2426 1526 2460 haben
1569 2425 1754 2460 zerstoren

1014 2475 1146 2509 lassen.

1055 2534 1126 2567 pro
1145 2522 1263 2568 muro]
1288 2520 1373 2555 ‘wie
1393 2520 1463 2554 mit
1483 2519 1583 2554 einer
1598 2518 1752 2553 Maner’.

1060 2582 1203 2627 reqioue
1222 2580 1445 2626 platearum]
1476 2578 1531 2612 ‘in
1555 2578 1619 2611 der
1643 2576 1752 2611 Rich-

1014 2629 1122 2673 tung’
1147 2630 1187 2672 (s,
1209 2639 1251 2661 zu
1275 2632 1333 2670 11,
1357 2631 1391 2670 7)
1411 2626 1476 2660 der
1493 2625 1662 2660 Strassen
1681 2634 1755 2658 von

1015 2676 1141 2719 Tycha
1174 2674 1249 2709 und
1273 2673 1470 2719 Neapolis,
1503 2683 1543 2706 so
1576 2671 1660 2705 dass
1693 2670 1754 2704 die

1015 2722 1268 2756 Thorwachen
1296 2720 1382 2765 jede
1415 2721 1627 2763 Bewegung
1666 2717 1755 2752 oder

1017 2769 1389 2812 Zusammenrottung
1420 2777 1504 2801 vom
1536 2765 1654 2809 Lager
1688 2775 1753 2799 aus

1016 2816 1215 2851 bemerken
1241 2815 1414 2849 konnten.

1064 2878 1094 2909 9.
1122 2878 1253 2909 terrore
1272 2884 1315 2908 ae
1334 2871 1504 2917 tumultu]
1533 2882 1559 2906 S.
1581 2882 1623 2905 zu
1643 2874 1675 2914 4,
1698 2873 1751 2904 10.
